2626 4854
268 376 313 452 72
612 373 782 421 rersrom
809 373 918 420 ccrxr.
1043 370 1075 419 a.
1095 373 1128 436 γ.
1146 372 1174 419 c.
1197 371 1243 432 7⁰³

265 479 372 550 stanti
399 501 439 548 ac
465 473 628 572 singulari
660 475 729 546 fide
741 530 751 573 ,
783 475 880 547 cuius
914 475 965 546 tui
994 471 1157 546 beneficii
1190 501 1269 546 sum

265 629 330 702 ego
356 604 454 675 testis
461 606 651 702 ,praestat
667 599 732 672 tibi
750 601 954 674 memoriam
976 598 1268 673 beniuolentiam·

265 725 349 833 qne,
376 755 480 831 quam
506 724 630 826 debet,
656 722 736 828 qui,
759 753 867 828 quum
890 726 1053 798 maximis
1071 725 1177 817 rebus
1196 727 1267 835 s'uis

265 869 441 945 conctusa
456 880 512 925 me
529 853 736 927 invitissimo
752 851 974 953 decessisset,
986 838 1131 950 tamen,
1154 864 1195 923 ut
1215 851 1267 923 vi-

265 982 319 1055 dit
350 982 516 1053 interesse
548 994 629 1079 tua,
667 979 908 1077 conscendens
939 983 1011 1051 iam
1048 1003 1178 1051 navem
1211 992 1266 1077 ¹2,

265 1107 410 1206 Epheso
436 1105 649 1178 Laodiceam
673 1106 827 1179 revertit.
845 1103 945 1177 Talia
964 1118 999 1177 te
1016 1130 1126 1205 quum
1151 1102 1268 1176 studia

264 1233 404 1306 videam
430 1232 631 1304 habiturum
657 1257 731 1304 esse
758 1230 1041 1330 innumerabilia,
1071 1231 1177 1331 plane
1202 1230 1267 1309 du·

263 1358 375 1430 bitere
399 1383 473 1431 non
498 1384 659 1458 possum,
685 1359 769 1459 quin
797 1358 859 1430 tibi
885 1356 1082 1458 amplitudo
1114 1358 1183 1431 ista
1210 1383 1268 1429 so·

263 1482 410 1557 licitudo
436 1485 550 1557 sutura
576 1485 621 1556 sit
640 1486 680 1554 ¹³.
706 1483 852 1566 sivero
879 1479 1051 1582 effeceris,
1073 1497 1115 1554 ut
1141 1508 1265 1555 censo-

263 1638 318 1683 res
344 1625 504 1685 creentur
522 1608 567 1709 ι4,
592 1622 645 1709 et,
670 1617 696 1682 si
716 1611 765 1681 ita
784 1611 928 1707 gesseris
947 1634 1148 1708 censuram,
1174 1622 1268 1680 utet

264 1736 370 1809 debes
396 1751 431 1809 et
456 1750 573 1836 potes:
599 1761 672 1809 non
698 1735 761 1807 tibi
779 1733 912 1834 solum,
937 1735 999 1808 sed
1016 1735 1086 1808 tuis
1104 1733 1267 1808 omnibus

262 1863 366 1936 video
391 1863 428 1935 in
454 1877 663 1964 perpetuum
693 1887 829 1935 summo
856 1875 891 1934 te
908 1859 1082 1962 praesidio
1103 1856 1267 1934 futurum.

262 1989 355 2062 Illud
379 2015 496 2088 pugna
522 2004 558 2061 et
583 1990 730 2087 enitere,
762 2014 807 2061 ne
841 1987 928 2090 quid
962 1987 1082 2067 nobis„
1097 1990 1281 2089 temporis-

262 2129 486 2213 prorogetur:
512 2129 570 2213 ut,
596 2142 702 2215 quum
722 2115 780 2186 hic
798 2114 863 2187 tibi
880 2115 1166 2214 satisfecerimus,
1189 2116 1269 2188 istic

264 2265 403 2339 quoque
428 2253 585 2311 nostram
608 2242 645 2312 in
672 2255 707 2312 te
732 2239 1007 2314 benivolentiam
1032 2265 1167 2314 navare
1185 2267 1270 2341 pos·

264 2366 379 2436 simus.
406 2366 504 2456 Quae
531 2366 574 2437 de
600 2367 782 2439 hominum
802 2380 906 2468 atque
924 2367 1088 2440 ordinum
1109 2369 1270 2440 omnium

264 2517 344 2588 erga
370 2505 405 2563 te
431 2491 555 2564 studiis
581 2493 704 2565 scribis
731 2493 875 2592 adme,
911 2494 1054 2566 minime
1087 2493 1177 2565 milri
1205 2498 1270 2566 mi·

264 2616 393 2718 randa,
418 2632 453 2692 et
480 2620 628 2691 maxime
653 2619 805 2691 iucunda
825 2619 1050 2718 acciderunt,
1074 2619 1269 2722 eademque

264 2742 309 2815 ad
334 2771 390 2816 me
416 2747 610 2845 perscripta
637 2760 718 2818 sunt
743 2772 761 2817 a
787 2745 1011 2818 familiaribus
1029 2746 1125 2818 meis.
1144 2747 1270 2848 Itaque

265 2871 367 2968 capio
393 2896 557 2968 magnam
576 2871 815 2972 voluptatem,
834 2897 942 2973 quum
958 2871 1040 2970 tibi,
1065 2872 1166 2944 cuius
1184 2873 1268 2945 mihi

191 3070 200 3087 ἱ
264 2996 425 3097 amicitia
441 2991 514 3069 non
531 2996 644 3097 solum
661 2997 801 3098 ampla,
826 2998 889 3070 sed
907 2998 1011 3071 etiam
1027 2997 1184 3072 iucunda
1203 3013 1266 3099 est,

264 3146 304 3190 ea
322 3121 461 3194 videam
478 3123 583 3196 tribui
603 3126 649 3224 ¹⁵,
676 3152 764 3226 quae
782 3125 992 3224 debeantur,
1010 3138 1084 3198 tum
1109 3151 1197 3199 vero
1215 3154 1265 3200 re·

265 3269 406 3318 manere
424 3249 529 3321 etiam
548 3277 642 3323 nunc
660 3251 853 3324 incivitate
869 3267 988 3338 nostra
1007 3251 1138 3352 studia,
1155 3278 1265 3352 prope

265 3372 424 3443 omnium
449 3399 639 3474 consensu,
664 3403 744 3475 erga
769 3377 877 3450 fortes
894 3394 931 3451 et
946 3377 1138 3451 industrios
1155 3380 1264 3455 viros:

262 3521 350 3597 quae
376 3499 554 3601 mihiipsi
581 3528 651 3574 una
679 3507 710 3554 ¹⁶
735 3529 873 3603 semper
898 3503 1028 3578 tributa
1052 3529 1189 3576 merces
1215 3520 1266 3588 est

260 3618 423 3738 laborum
448 3642 483 3699 et
508 3628 703 3726 vigiliarum
734 3655 900 3704 mearum.
935 3629 1027 3703 Illud
1059 3656 1146 3704 vero
1180 3632 1268 3704 mihi

228 3786 231 3791 .
261 3734 452 3845 permirum
478 3753 629 3854 accidit,
659 3744 795 3829 tantam
827 3746 1059 3831 temeritatem
1094 3757 1205 3830 fuisse
1231 3761 1269 3832 in

261 3897 303 3945 eo
322 3875 604 3980 adolescente17,
623 3882 719 3957 cuius
737 3909 802 3981 ego
816 3883 960 3958 salutem
978 3883 1116 3957 duobus
1135 3887 1267 3986 capitis
