2678 4860
173 334 215 403 18
517 346 688 391 narsaeus
715 345 816 390 court.
951 342 980 388 n.
998 347 1031 391 v.
1049 345 1077 391 c.
1097 345 1145 404 703

167 453 319 555 quinque
351 459 578 521 morerentur.
610 446 733 545 Itaque
759 471 842 542 ego,
876 471 945 544 quo
981 445 1037 516 die
1071 448 1171 544 tetigi

165 568 405 669 provinciam,
438 590 546 664 quum
578 563 663 634 mih-i
698 562 819 662 Cyprii
852 560 955 658 legati
988 562 1170 661 Ephesum

167 695 308 768 obviam
334 692 511 790 venissent
525 746 535 787 ,
560 688 678 760 literas
705 689 799 785 misi,
824 701 863 759 ut
889 689 1022 789 equites
1048 715 1091 760 ex
1116 692 1171 762 in-

143 812 239 896 'sula
267 820 386 892 statim
411 815 627 889 decederent.
654 815 718 887 His
745 814 788 886 de
816 816 927 886 ca'usis
957 815 1063 886 credo
1090 817 1170 889 Sca-

168 946 284 1046 ptium
309 944 460 1045 iniquius
489 941 532 1014 de
558 967 614 1013 me
640 916 771 1041 aliquid
789 941 820 989 ²5
847 939 893 1013 ad
909 943 1057 1013 Brutum
1072 943 1167 1014 'scri-

166 1071 284 1170 psisse.
297 1069 367 1141 Sed
379 1083 498 1141 tamen
510 1067 578 1140 hoc
596 1092 673 1140 sum
691 1068 824 1142 auimo:
843 1067 870 1138 si
888 1067 1016 1139 Brutus
1028 1067 1170 1167 putabit

165 1222 222 1272 mo
256 1211 442 1296 quaternas
480 1195 684 1267 centesimas
723 1194 919 1291 oportuisse
957 1191 1170 1292 decernere,

167 1323 227 1423 qui
244 1325 276 1376 ²⁶
301 1323 338 1394 iu
366 1333 440 1393 tota
466 1319 649 1419 provincia
675 1316 826 1417 singulas
852 1318 1091 1417 observarem,
1108 1320 1171 1391 ita·

166 1473 234 1548 que
267 1446 468 1544 edixissem,
500 1444 606 1545 idque
640 1445 747 1516 etiam
778 1443 1010 1519 acerbissimis
1035 1442 1171 1516 fenera·

166 1571 301 1649 toribus
325 1572 550 1677 probaretur,
569 1572 596 1643 si
615 1570 868 1670 praefecturam
886 1570 1095 1668 negotiatori
1114 1569 1171 1641 de·

166 1713 328 1797 negatam
355 1712 533 1799 queretur,
561 1696 659 1797 quod
685 1723 749 1793 ego
774 1697 956 1796 Torquato
978 1709 1101 1769 nostro
1134 1696 1171 1767 in

166 1839 227 1898 tuo
245 1826 376 1902 Laenio
391 1841 433 1921 2⁷,
450 1825 622 1922 Pompeio
650 1825 717 1922 ipsi
742 1824 779 1894 in
805 1823 880 1894 Sex.
900 1823 1011 1925 Statio
1029 1825 1171 1924 negavi,

166 1964 202 2023 et
226 1952 267 2022 iis
293 1950 459 2050 probavi3
485 1950 514 2020 si
540 1951 673 2050 equites
700 1948 871 2021 deductos
897 1948 1042 2022 moleste
1066 1949 1170 2028 feret:

166 2077 336 2174 accipiam
363 2076 528 2176 equidem
547 2078 577 2125 ²⁸
606 2074 780 2172 dolorem,
807 2074 891 2146 mihi
924 2053 1021 2148 illum
1045 2077 1172 2176 irasci,

165 2201 228 2274 sed
251 2201 364 2274 multo
390 2203 575 2299 maiorem,
601 2226 674 2274 non
692 2227 766 2273 esse
793 2226 872 2272 eum
892 2200 1013 2300 talem,
1031 2199 1174 2303 qualem

163 2340 351 2426 putassem.
378 2325 470 2404 Illud
496 2327 638 2427 quidem
663 2327 827 2400 fatebitur
845 2329 1025 2429 Scaptius,
1042 2354 1098 2401 me
1117 2332 1171 2402 ius

166 2429 319 2548 dicente,
344 2451 409 2525 sibi
435 2477 576 2525 omnem
602 2455 789 2553 pecuniam
814 2481 856 2527 ex
874 2454 992 2527 edicto
1011 2481 1090 2527 meo
1110 2480 1171 2528 au-

164 2577 297 2656 ferendi
321 2593 535 2679 potestatem
560 2579 673 2654 luisse.
700 2579 804 2654 Addo
828 2583 933 2654 etiam
951 2580 1054 2681 illud,
1072 2578 1171 2682 quod

163 2730 302 2803 vereor,
328 2705 487 2806 tibiipsi
513 2719 553 2778 ut
578 2708 743 2806 probem:
772 2710 961 2781 consistere
987 2734 1093 2780 usura
1113 2707 1173 2789 de.-

162 2829 259 2929 buit,
294 2858 384 2932 quae
416 2846 491 2905 erat
522 2834 561 2909 iu
594 2833 710 2906 edicto
742 2860 832 2907 meo.
857 2834 1043 2933 Deponere
1077 2835 1175 2907 vole*

162 2954 268 3054 baut,
294 2958 480 3055 impetravi
507 2957 551 3034 ab
585 2959 798 3057 Salaminiis,
823 2974 862 3032 ut
888 2961 1030 3033 silerent
1042 2977 1083 3033 ²9.
1101 2963 1172 3034 Ve-

163 3081 256 3152 niam
284 3081 334 3152 illi
361 3082 503 3182 quidem
529 3083 615 3159 mibi
643 3083 829 3184 dederuut,
853 3086 916 3162 sed
934 3087 1019 3191 quid
1036 3089 1076 3158 iis
1094 3089 1173 3185 fiet,

161 3207 192 3278 si
216 3205 286 3281 huo
310 3207 452 3281 Paullus
486 3208 622 3281 venerit
639 3209 692 3281 3⁰?
719 3210 788 3281 Sed
815 3224 929 3284 totum
962 3211 1032 3285 hoc
1056 3214 1170 3287 Bmto

163 3327 262 3428 dedi,
289 3334 349 3433 qui
376 3332 420 3405 de
446 3360 501 3407 me
528 3334 574 3407 ad
602 3349 637 3406 te
666 3335 933 3409 humanissimas
955 3337 1072 3411 literas
1091 3341 1174 3412 scri-

160 3457 248 3556 psit,
266 3457 381 3533 adme
396 3474 529 3560 autem,
547 3462 652 3537 etiam
670 3489 778 3568 quum
795 3477 896 3562 rogat
915 3463 1067 3564 aliquid,
1085 3490 1172 3537 eon-

161 3585 364 3683 tumaciter,
390 3603 610 3688 arroganter,
635 3597 834 3668 ἀκοινωνήτως
848 3591 877 3641 ³¹
897 3589 987 3663 solet
1004 3591 1169 3668 scribere.

160 3707 218 3785 Tu
248 3724 365 3791 autem
390 3711 496 3787 velim
523 3714 569 3788 ad
594 3741 674 3786 eum
700 3715 831 3789 scribas
858 3716 901 3788 de
921 3716 975 3789 his
993 3717 1112 3814 rebus,
1130 3733 1171 3793 ut

160 3834 281 3933 sciam,
307 3865 377 3942 quo
402 3840 508 3914 modo
526 3841 612 3916 haec
632 3842 784 3947 accipiat
798 3845 837 3917 ³².
857 3843 981 3918 Facies
1000 3844 1093 3917 oraim
1112 3871 1171 3918 ruo
