2626 4854
433 336 469 382 ru
495 333 685 382 nersroms
990 313 1060 417 337

97 439 155 511 Vl,
173 458 235 517 1,7
256 438 288 496 C.
310 435 497 496 Scantinium
519 446 686 507 memorat,
706 455 722 496 e
743 437 828 496 cuius
849 438 943 520 stirpe
963 438 1061 522 legem

97 546 179 606 hanc
197 543 316 605 fluxisse
330 543 424 625 aliqui
439 552 556 625 putant.
569 543 748 603 Nostrorum
763 543 856 625 aliqui
870 544 1013 618 Scodrae,
1027 557 1063 606 ut

95 652 176 714 Phil.
201 653 254 724 lll,
283 650 304 712 6
328 650 423 711 edidit
442 649 643 726 Wernsdorf3
663 650 714 710 alii
744 649 879 724 Catium,
899 652 950 713 alii
970 654 1063 714 etiam

99 759 252 830 Canania,
271 757 319 818 vel
343 756 488 818 Candom.

56 887 96 928 22
118 866 196 926 Cum
213 865 370 939 Ernestio;
391 864 473 946 quod
493 862 565 924 latet
578 865 610 922 iu
622 865 733 924 nostris
745 863 860 937 tribus,
876 866 928 947 qui
942 865 992 926 vel
1007 864 1065 926 Pol

96 973 248 1045 elocutus,
268 972 316 1032 vel
337 971 410 1032 Pole
434 971 550 1031 locutus
557 1014 570 1044 ,
588 969 637 1031 vel
657 969 763 1030 Pollae
788 971 903 1031 locutus
927 971 1063 1049 habent3

97 1079 248 1138 Graevius
267 1077 347 1138 Pola
365 1079 486 1142 locutus.
507 1077 605 1138 Ceteri
627 1096 697 1136 mss.
716 1089 781 1137 emt
796 1078 995 1160 praelocutus.

58 1184 97 1245 23
118 1186 225 1262 Quum
251 1183 489 1256 increbesceret‚
508 1203 685 1254 censorem,
712 1183 897 1264 corrigendis
925 1184 1063 1248 moribus

97 1294 323 1374 praepositum,
342 1302 405 1352 tam
423 1292 507 1373 turpi
528 1292 657 1351 crimine
678 1289 834 1371 postulari.
854 1290 1019 1352 Mannum

59 1397 98 1474 ²4
115 1395 284 1458 Posnrlare'
295 1399 328 1458 in
352 1400 438 1469 iure,
457 1408 492 1457 ut
511 1396 543 1457 id
564 1398 709 1460 sacellum
734 1398 852 1482 populo
871 1402 1063 1470 restitueret,

96 1504 184 1564 cuius
203 1515 291 1565 erant
304 1504 373 1565 loca
385 1525 480 1565 sacra.
498 1504 617 1566 Emere.
635 1507 683 1566 De
696 1505 811 1567 sacellis
824 1504 971 1588 publicis,
984 1526 1064 1587 quae

94 1611 208 1694 privati
221 1622 422 1693 occuparunt,
441 1632 582 1694 quaeque
595 1612 721 1674 reddere
737 1611 854 1695 populo
867 1614 964 1673 coacti
978 1622 1063 1684 sunt,

14 1740 19 1755 ·
96 1728 144 1777 est
160 1716 247 1777 locus
266 1719 347 1777 Livii
367 1716 421 1777 lib.
440 1717 514 1790 XL,
534 1739 560 1778 c.
584 1717 634 1779 51.

56 1821 97 1884 25
117 1823 286 1906 Vulgarum
306 1825 380 1885 olim
398 1823 462 1884 dies
481 1846 500 1884 a
520 1824 685 1887 Gebhardo
707 1836 738 1888 et
760 1823 980 1909 posterioribus
999 1824 1063 1884 eie·

97 1943 183 1992 ctum
209 1932 335 1993 restitui.
362 1932 474 1992 Deesse
502 1935 584 1995 euim
604 1932 657 1994 hic
675 1933 793 2015 aliquid
817 1953 923 1993 omnes
942 1929 1063 2000 vident,

95 2042 230 2099 innuunt
249 2038 336 2099 codd
356 2038 475 2120 plures,
499 2042 552 2121 qui
575 2038 691 2100 habuit
715 2037 913 2122 quadraginta
938 2036 1067 2111 diebroe,

96 2156 129 2207 et
141 2168 220 2206 unus
232 2156 406 2206 nostrorum
414 2167 555 2229 ‚nempe
578 2146 764 2229 14,q.dies,
784 2149 838 2207 etsi
852 2166 1065 2221 ammaum

95 2274 197 2335 neque
217 2252 399 2314 Gebhardus
418 2254 564 2337 exemplis
584 2254 744 2314 lectionem
760 2274 847 2314 suam
860 2252 1063 2315 confirmavit

57 2359 98 2421 26
119 2361 224 2438 Quae,
242 2363 376 2421 nescioa
388 2382 467 2442 quo,
486 2364 514 2420 ei
534 2361 616 2421 dicta
635 2372 701 2422 erat
713 2361 753 2421 sd
766 2358 1065 2421 iudiciumsubeun-

96 2465 183 2527 dum.
205 2466 232 2527 I.
251 2467 290 2527 F.
313 2465 440 2528 Gronov.
459 2469 551 2529 Diem
574 2470 770 2528 comitiorum
789 2478 957 2549 auguratus
978 2464 1065 2545 (vid.

12 2615 14 2619 -
97 2595 148 2656 ep.
167 2595 231 2656 seq.
255 2578 291 2654 ι)
312 2577 436 2657 exponit
460 2575 549 2635 Ber-n.
569 2574 709 2636 Rutilius.
735 2575 797 2635 Sed
815 2575 974 2634 Ernestius
994 2593 1061 2632 mo-

97 2681 181 2752 nuit,
203 2681 247 2740 sic
269 2679 333 2740 dies
358 2679 496 2743 absolute
518 2682 568 2742 vix
590 2681 659 2742 dici.
682 2681 762 2741 Hinc
785 2679 945 2739 Schlitzius
965 2675 1065 2739 edidit

97 2785 177 2847 diem
195 2789 376 2848 weritiormn
395 2789 491 2848 abacti
507 2809 579 2848 esse.
599 2788 686 2850 Vnus
704 2786 740 2848 15
759 2785 841 2847 diem
858 2785 970 2846 metam
989 2805 1063 2846 esse.

57 2916 96 2978 27
119 2894 171 2955 Sic
189 2893 346 2956 Ernestius
372 2917 409 2956 ex
428 2895 498 2956 edit.
526 2895 598 2967 Ro,
619 2906 650 2955 et
675 2894 738 2956 duo
764 2896 881 2970 nostri3
908 2893 1063 2955 Graevius

93 3000 232 3086 proinde.
249 3003 288 3063 ln
305 3013 440 3064 extremo
458 3003 521 3065 zet
538 3003 574 3064 B.
592 3003 687 3064 solem
707 3015 783 3064 tuas.

474 3219 654 3281 cmm

58 3454 70 3495 ι
95 3429 206 3492 lamb.
226 3431 272 3492 Μ.
293 3431 428 3507 Caelius,
446 3431 492 3493 M.
514 3433 664 3503 OEoerorrir
684 3437 785 3494 minus
804 3432 1006 3493 familiariter.

54 3560 74 3600 a
95 3539 182 3615 Quia
201 3538 309 3600 Cicero
328 3562 399 3600 cum
417 3539 541 3601 Parthis
559 3539 678 3600 bellum
697 3539 823 3622 gerebat
836 3541 923 3620 (epp.
937 3535 1068 3608 ccxtt,

77 3645 228 3707 ,cem
246 3657 278 3706 et
297 3647 456 3727 cem),
476 3669 610 3729 quorum
630 3668 682 3709 rex
702 3653 848 3718 Anares,
866 3641 1068 3724 rageschu·

96 3755 155 3813 οἰα.
173 3755 253 3815 Nam
272 3765 308 3815 ut
325 3755 452 3836 AEgypu
470 3777 557 3836 reges
576 3755 760 3826 Ptolemaei,
781 3755 824 3813 sic
837 3750 921 3833 apud
932 3747 1065 3810 Parthos

97 3861 270 3922 Arsacidae
292 3860 399 3922 Graec.
419 3862 488 3922 Hoc
506 3861 631 3944 quidem
651 3873 789 3945 tempore
806 3856 997 3919 Parthorum
1011 3874 1065 3916 rer

100 4003 210 4065 Crem.
234 4003 294 4065 VI.
315 4039 356 4057 —
375 4005 452 4065 Itu.
476 4002 511 4064 T.
532 4004 574 4065 V.
867 4020 906 4060 22
