2626 4854
436 356 474 404 ru
502 354 692 405 nrrsronss
737 410 740 415 ,
998 338 1065 414 321

58 478 94 535 η
120 458 208 519 Asiae
228 466 480 539 propraetorem
501 474 550 539 ep.
572 454 712 531 CCLIV,
732 455 904 535 CCLVIII,
934 459 1070 546 aliisque.

99 562 184 625 Infra
203 561 385 644 Mart-Lag.
406 563 519 625 literam
539 563 653 625 ηαὶἰαηι
672 564 757 626 misit.

58 691 97 732 αα
119 669 213 731 Abest
233 669 308 731 belli
325 689 344 731 a
364 690 420 731 ms.
441 669 546 731 Recal.

59 779 98 840 23
119 775 230 838 Bibulo
251 776 372 837 duobus
384 775 455 837 filiis
469 776 578 838 orbato
585 822 598 852 ,
617 777 656 840 de
670 777 782 860 quibus
795 778 898 843 Valer.
911 781 991 845 Max.
1006 782 1069 860 IV,

104 907 135 957 1,
160 883 205 958 15,
225 894 256 946 et
276 884 315 944 ad
336 906 383 967 ep.
405 884 572 958 CCLXIX,
592 893 656 946 not
682 885 727 947 13.
748 886 866 949 Marsus.

58 994 100 1071 24
121 992 228 1054 Lamb.
250 992 444 1053 rescriberem.

60 1098 100 1162 25
121 1101 227 1161 Tacite
248 1097 408 1161 Schiitzius
428 1097 461 1160 id
478 1099 536 1161 sibi
554 1099 612 1162 soli
629 1099 778 1175 attribuit,
797 1103 830 1163 in
844 1122 906 1185 quo
929 1102 961 1165 id
973 1125 992 1167 a
1005 1125 1068 1189 seq.

99 1207 235 1290 suppleri
256 1216 364 1290 potest.

59 1313 99 1375 26
121 1316 224 1392 Quam
244 1333 283 1374 ex
296 1316 391 1397 ipsius
404 1315 564 1397 provincia
578 1313 688 1397 Syria,
708 1326 787 1378 etex
802 1337 871 1379 mea
884 1316 990 1381 Cilicia
1003 1318 1067 1381 coI-

98 1421 224 1494 lectam,
236 1421 367 1482 Romam
379 1420 419 1481 ad
431 1433 607 1504 quaestores
621 1421 755 1486 urbanos
769 1421 962 1487 deferendam
977 1425 1068 1488 simul
1186 1470 1188 1475 -

98 1530 283 1591 curavimus.
305 1527 424 1590 Manui.
940 1538 943 1543 “

58 1656 96 1717 27
118 1635 217 1696 Erant
237 1637 269 1695 in
289 1637 422 1698 exercitu
442 1635 505 1697 duo
527 1656 641 1719 genera
660 1638 816 1718 equitum,
841 1637 1016 1720 LegIonerii
1038 1648 1069 1700 et

97 1742 274 1805 Auxiliarcs.
292 1743 393 1806 Aleria·
409 1741 589 1807 dicebantur
612 1744 791 1816 auxitani,
810 1745 895 1826 quod
915 1747 967 1817 iis,
988 1755 1066 1807 tam-

96 1871 192 1933 quam
212 1849 283 1922 alis.
309 1849 426 1933 pedites
455 1862 638 1933 tegerentur.
670 1852 792 1912 Cincius
821 1851 906 1935 apud
933 1851 1067 1916 Gellium

96 1957 191 2030 XVI,
216 1957 238 2034 4
258 1967 342 2018 extr:
369 1957 449 2019 Aloe
475 1959 573 2019 dictae
601 1959 749 2020 exercitus
779 1960 910 2042 equitum
934 1957 1068 2033 ordiner,-

95 2062 177 2147 quod
194 2066 304 2124 cr'rcum
323 2065 449 2145 legiones
473 2063 584 2126 dextra
602 2065 797 2148 sirrisroque,
823 2077 975 2148 tamquam
994 2065 1065 2126 aloc

94 2175 128 2234 io
147 2172 247 2235 ovium
266 2173 454 2253 corporibus,
474 2173 660 2236 iocabantur.
669 2172 711 2235 Et
721 2172 844 2237 Servius
857 2174 889 2237 iu
901 2172 978 2236 illud
992 2172 1065 2237 Vir·

95 2280 162 2363 gilii
182 2279 245 2354 lv,
268 2299 342 2341 121:

328 2451 399 2504 Dum
416 2451 548 2522 trepident
565 2451 637 2520 else,

95 2600 252 2662 subiunxit
270 2599 360 2661 haec:
382 2600 480 2674 Alae,
502 2600 630 2683 equitur
651 2597 689 2660 ob
710 2598 765 2660 Isoc
786 2597 854 2659 aloc
873 2596 962 2669 deo,
991 2595 1066 2679 quia

96 2722 198 2790 regum
212 2707 341 2792 pedites,
361 2708 481 2768 alarum
500 2708 568 2768 vice.
588 2702 828 2786 Transpadanis,
846 2713 931 2764 tram
942 2701 1064 2764 Padum
1195 2716 1201 2727 ‘

93 2816 196 2889 lectis,
216 2826 376 2877 utcontra
396 2813 527 2875 Parthos
549 2814 750 2874 mitterentur.
771 2811 935 2872 Manutius.

56 2922 94 2986 28
115 2923 276 2984 Schiitzius
296 2933 366 3006 post
385 2920 493 2982 Lamb.
512 2920 559 2982 uti
577 2940 624 2980 me
645 2938 790 3000 negarem.

56 3050 94 3114 29
115 3029 227 3114 Populi
247 3029 396 3091 beneficio
416 3028 447 3090 id
467 3028 587 3101 fecissc3
607 3025 667 3089 hoc
686 3036 746 3100 est,
766 3046 797 3086 se
817 3045 880 3087 uon
894 3044 985 3085 usum
999 3023 1062 3085 ala-

95 3139 149 3198 riis
169 3136 397 3221 Transpadanis
417 3136 518 3197 fuisse.

57 3244 95 3307 30
116 3244 162 3304 Ita
182 3245 328 3327 scriptum
349 3246 445 3306 estin
467 3254 568 3306 vetere
588 3243 685 3316 libro,
705 3243 793 3304 etita
805 3241 973 3301 necessario
987 3239 1064 3300 scri·
1100 3314 1104 3321 ι
1173 3278 1176 3284 -

93 3349 230 3413 bendum
242 3372 277 3412 ex
288 3352 356 3414 Ioco
368 3351 458 3412 simili
469 3354 501 3411 in
513 3373 560 3434 ep.
573 3350 681 3424 CXCI,
694 3371 704 3410 1
716 3371 722 3411 :
740 3347 955 3410 Censcbont-
964 3366 1065 3407 omncs

86 3458 171 3541 fiere,
203 3472 237 3519 ut
260 3461 291 3521 in
311 3459 404 3520 Italr'a
423 3460 658 3542 supplementum
679 3457 750 3518 meis
774 3469 804 3517 et
828 3455 928 3516 Bibuli
948 3453 1065 3532 legioni·

94 3567 147 3628 bu‘s
166 3567 349 3628 scriberetur.
374 3567 477 3648 Vulgo
496 3587 588 3650 quum
607 3566 735 3648 amplius
747 3562 901 3647 frumenti.
925 3560 1063 3622 Vrsinus.
1111 3554 1116 3579 I

96 3673 222 3757 Recepit
243 3672 354 3734 Schiitz
379 3684 409 3734 et
439 3672 574 3734 Clericus
595 3683 664 3757 post
684 3669 896 3754 Mongaltium.
924 3664 1062 3728 Postula·

96 3802 208 3852 remus,
230 3781 292 3842 scil.
313 3801 372 3862 ego
392 3792 422 3841 et
442 3781 560 3842 Cicero.

101 4014 207 4076 Crass.
234 4012 293 4076 VI.
318 4044 350 4056 -
377 4013 452 4075 Lett.
480 4010 514 4075 T.
541 4009 582 4076 V.
903 4025 937 4066 nr
