2678 4860
166 356 216 456 96
369 355 371 360 ‘
498 370 667 422 rrrsrom
694 373 828 422 ccnxrv.
941 369 973 422 n.
990 373 1025 422 v.
1043 371 1071 419 c.
1092 370 1141 433 ⁷0³

166 483 214 554 M.
238 479 372 577 banio,
409 491 444 549 et
477 476 574 577 quod
607 476 673 548 tibi
706 476 838 548 Romae
862 473 1085 548 ostenderam
1110 503 1168 550 me

166 620 403 702 servaturum,
428 604 466 675 in
492 627 534 674 co
560 603 592 651 ²⁵
617 601 847 700 perseveravi.
882 600 952 672 Sed
983 601 1069 701 quid
1102 628 1169 703 po-

165 733 248 806 terit
273 731 370 831 queri
395 730 441 827 is,
468 728 545 829 qui,
578 727 711 800 auferre
737 726 923 826 pecuniam
949 753 1058 828 quum
1083 753 1169 826 pos-

166 870 236 956 set,
259 853 394 929 noluit?
427 853 596 954 Scaptio,
628 853 749 954 quiin
775 851 1000 952 Cappadocia
1026 851 1093 925 fuit
1117 857 1169 954 ²⁶,

136 1008 141 1019 ·
167 995 254 1083 puto
281 1007 356 1054 esse
381 979 606 1063 satisfactum.
632 979 666 1050 Is
692 1004 712 1051 a
737 1003 793 1051 me
818 978 1033 1051 tribunatum
1059 1003 1169 1079 quum

166 1108 379 1207 accepisset,
405 1132 509 1207 quem
536 1130 601 1205 ego
627 1130 670 1176 ex
693 1105 792 1176 Bruti
815 1103 925 1177 literis
950 1105 983 1176 ei
998 1119 1038 1172 .²⁷
1066 1104 1168 1178 detu-

165 1233 298 1332 lissam,
322 1245 447 1331 postea
474 1232 614 1330 scripsit
641 1228 687 1302 a'd
711 1255 786 1329 me,
809 1255 847 1302 se
863 1230 916 1302 uti
931 1229 1025 1303 nolle
1042 1256 1085 1302 eo
1104 1232 1188 1305 tri--

164 1357 310 1430 bunatu.
327 1358 461 1431 Gavius
480 1358 512 1407 ²⁸
538 1370 592 1429 est
618 1355 780 1456 quidam,
816 1356 873 1427 cui
898 1382 1007 1458 quum
1030 1356 1167 1456 praefe-

166 1497 300 1556 cturam
326 1482 526 1556 detulissem
551 1483 652 1555 Bruti
676 1495 817 1581 rogatu,
842 1481 953 1554 multa
971 1496 1007 1554 et
1024 1481 1113 1555 dixit
1129 1498 1166 1556 et

164 1607 248 1681 fecit
273 1635 353 1680 cum
380 1608 532 1709 pradum
556 1632 635 1680 mea
661 1605 890 1705 contumelia,
914 1609 953 1679 P.
971 1605 1095 1686 Clodii,
1109 1633 1167 1680 ca-

164 1736 219 1817 nis
235 1752 277 1807 ²9.
303 1737 337 1808 Is
362 1761 419 1807 me
453 1761 519 1807 nec
552 1734 832 1834 proficiscentem
856 1735 1050 1832 Apameam
1082 1759 1167 1832 pro·

165 1835 303 1936 secutus
329 1876 402 1960 est,
427 1887 511 1960 uec,
536 1887 644 1962 quum
669 1873 793 1960 postea
809 1860 846 1930 in
864 1874 976 1931 castra
994 1859 1166 1957 venisset,

165 2002 269 2088 atque
293 1986 376 2060 inde
402 1987 614 2086 discederet,
637 1985 808 2086 numquid
833 1985 975 2084 vellem,
1008 1988 1147 2085 rogavit
1154 2014 1166 2085 5

165 2128 201 2185 et
225 2113 292 2185 fuit
320 2126 438 2212 aperte
471 2113 575 2210 mihi,
613 2109 737 2185 nescio
764 2137 891 2212 quare,
924 2137 998 2185 non
1023 2114 1165 2186 amicus.

150 2239 269 2314 Hunc
294 2264 358 2336 ego
385 2239 466 2310 siin
484 2237 665 2337 praefectis
684 2236 901 2336 habuissem,
925 2231 1034 2338 quem'
1047 2251 1087 2310 tu
1108 2265 1166 2312 me

164 2364 343 2436 homiuem
368 2364 529 2464 putaresl
555 2365 641 2463 Qui,
664 2378 705 2437 ut
727 2365 812 2464 scis,
836 2365 1164 2464 potentissimorum

164 2489 347 2563 hominum
372 2482 627 2564 contumaciam
645 2516 836 2592 numquam
853 2489 1007 2589 tulerim,
1038 2490 1166 2564 ferrem

163 2615 266 2690 huius
294 2617 478 2691 adseclae}
512 2619 589 2691 Etsi
615 2617 683 2689 hoc
713 2616 791 2716 plus
817 2630 892 2713 est,
925 2644 1029 2718 quam
1055 2617 1165 2717 ferre,

164 2743 316 2816 tribuere
342 2747 447 2817 etiam
471 2744 633 2817 beneficii
658 2743 789 2844 aliquid
815 2758 851 2816 et
875 2743 1078 2817 honoris.Is
1104 2745 1167 2842 igi-

163 2882 222 2941 tur
247 2870 398 2967 Gavius,
437 2898 544 2970 quum
576 2873 754 2970 Apameae
786 2895 843 2942 me
874 2896 988 2969 nuper
1020 2869 1166 2943 vidisset

164 2994 311 3065 Romam
327 2996 570 3093 proficiscens,
596 3022 653 3068 me
678 2997 727 3068 ita
754 2995 944 3096 appellavit
961 2998 990 3045 ³⁰
1011 2996 1166 3084 (Culleo-

162 3117 235 3190 lum
254 3120 312 3192 vix
330 3120 492 3193 auderem
504 3134 533 3211 ):
551 3121 675 3219 Unde,
691 3123 822 3223 inquit,
846 3148 903 3194 me
919 3121 1017 3194 iubes
1042 3137 1162 3222 petere

163 3242 290 3316 cibaria
308 3244 498 3345 praefecti?
522 3247 701 3347 Respondi
718 3248 847 3348 lenius,
865 3274 970 3348 quam
989 3232 1171 3346 putabant

163 3372 382 3468 oportuisse,
415 3372 489 3473 qui*
509 3371 673 3445 aderant:
710 3400 766 3445 me
799 3398 871 3446 non
904 3374 1096 3446 instituisse
1121 3376 1163 3447 iis

163 3493 246 3567 dare
273 3496 421 3595 cibaria,
447 3523 593 3597 quorum
613 3525 719 3598 opera
737 3525 810 3572 nou
827 3524 938 3572 essem
962 3525 1052 3573 usus.
1066 3498 1164 3572 Abiit

161 3619 280 3693 iratus.
298 3623 410 3694 Huius
428 3622 613 3697 nebulonis
631 3625 824 3723 obiratioue
845 3627 874 3675 ³¹
895 3626 923 3698 si
938 3626 1068 3698 Brutus
1086 3651 1163 3698 mo·

162 3747 235 3817 veri
261 3761 399 3847 potest,
424 3749 544 3822 licebit
569 3777 648 3822 eum
665 3751 759 3825 solus
777 3778 885 3848 ames,
909 3777 965 3823 me
987 3750 1162 3823 aemulum

162 3892 234 3943 non
259 3871 411 3947 habebis.
439 3876 509 3949 Sed
534 3875 631 3949 illum
657 3904 736 3950 eum
762 3878 914 3964 futurum
942 3902 1016 3950 esse
1048 3891 1159 3977 puto,
