2626 4854
151 355 200 426 92
485 356 655 409 rarsrom
680 357 815 404 cccxiv.
836 412 842 424 ¹
932 352 964 401 n
977 356 1012 402 v.
1031 354 1063 401 c
1080 352 1128 414 70³

150 458 256 530 officii
281 457 332 528 ¹⁰l
369 459 488 548 Quum
519 457 650 529 bellum
684 483 760 529 esse
790 458 829 527 in
856 456 957 555 Syria
982 481 1150 552 magnum

149 597 308 683 putetur,
332 583 371 655 id
395 583 557 657 videatur
580 586 619 655 in
643 583 736 655 banc
759 583 981 682 provinciam
1002 593 1150 680 eruptu-

149 737 244 807 rum,
268 710 325 781 bic
351 709 515 808 praesidii
541 709 628 780 nihil
645 711 709 808 sit,
734 722 869 780 sumtus
886 732 1023 778 annuus
1043 722 1071 756 ¹¹
1092 704 1151 776 de-

149 850 264 908 cretus
289 838 351 907 sit:
376 834 585 907 videaturne
610 847 671 906 aut
695 836 835 933 pietatis
852 859 927 906 csse
945 858 1064 930 meae,
1082 831 1150 903 fra·

148 973 238 1032 trem
254 961 464 1061 relinquere,
481 973 541 1031 aut
559 959 768 1057 diligentiae,
780 985 950 1056 nugarum
968 956 1101 1057 aliquid
1115 971 1144 1004 ¹²

147 1086 362 1186 relinquere?
394 1089 520 1183 Magna
538 1087 666 1182 igitur,
704 1099 746 1156 ut
770 1084 887 1180 vides,
922 1081 1147 1155 solicitudine

147 1211 294 1309 afficior,
318 1237 442 1309 magna
459 1211 580 1309 inopia
596 1210 740 1283 consilii
757 1209 856 1301 Quid
873 1207 1033 1309 quaeris?
1049 1209 1148 1280 Toto

146 1339 290 1434 negotio
313 1336 415 1409 nobis
440 1363 530 1437 opus
554 1362 628 1409 non
653 1335 718 1407 fuit
739 1338 779 1406 ¹³.
803 1336 949 1426 Quanto
974 1347 1037 1404 tua
1061 1357 1149 1431 pro-

146 1463 262 1535 vincia
294 1462 439 1536 melior!
476 1461 645 1559 decedes,
674 1487 784 1563 quum
808 1459 923 1557 voles,
937 1454 1023 1530 'nisi
1055 1458 1149 1531 forte

146 1587 218 1659 iam
242 1587 440 1686 decessisti,
464 1615 568 1689 quem
594 1587 791 1685 videbitur,
828 1586 1009 1685 praeficies
1036 1584 1148 1656 Thes·

145 1714 283 1812 protiae
306 1728 343 1785 et
367 1713 555 1786 Chaoniae.
573 1713 736 1786 Necdum
751 1726 870 1784 tamen
888 1736 953 1810 ego
972 1711 1149 1802 Quintum

147 1864 398 1936 conveneram,
423 1841 564 1937 utiam,
589 1841 617 1911 si
644 1839 682 1910 id
698 1838 870 1938 placeret,
893 1839 1045 1933 scirem,
1071 1861 1152 1935 pos·

146 1978 245 2036 setue
261 1964 307 2036 ab
324 1991 366 2036 eo
383 1967 582 2064 impetrari:
607 1991 674 2036 nec
697 1978 835 2062 tamen,
850 1965 881 2036 si
896 1975 1037 2061 posset,
1054 1960 1150 2063 quod

145 2088 287 2188 vellem,
312 2089 498 2162 habebam.
515 2093 594 2163 Hoc
612 2105 665 2163 est
681 2091 788 2188 igitur
804 2089 985 2162 eiusmodi.
1002 2089 1150 2191 Reliqua

144 2213 249 2313 plena
266 2214 381 2287 adhuc
398 2230 435 2286 et
450 2215 564 2288 laudis
583 2231 618 2287 et
636 2217 785 2314 gratiae,
810 2215 914 2314 digna
930 2215 974 2288 iis
991 2213 1094 2288 libris
1109 2215 1151 2312 ¹4,
1190 2306 1193 2317 Ι

145 2363 235 2439 quos
260 2353 300 2410 tu
323 2337 456 2412 laudas.
482 2343 719 2415 Conservatae
757 2343 940 2439 civitates,
973 2340 1150 2414 cumulate

144 2463 341 2562 publicanis
365 2467 580 2539 satisfactum
586 2494 597 2564 3
623 2467 777 2541 offensus
796 2465 1010 2541 contumelia
1026 2493 1150 2564 nemo;

146 2588 288 2664 decreto
312 2593 406 2666 iusto
431 2609 467 2666 et
483 2620 606 2668 severo
624 2597 810 2694 perpauci,
833 2620 899 2666 nec
916 2607 1038 2665 tamen
1056 2595 1149 2694 quis·

145 2743 271 2816 quam,
294 2731 335 2790 ut
359 2722 457 2821 queri
481 2721 618 2794 audeat
646 2724 713 2793 Res
741 2735 858 2818 gestae
883 2719 1011 2816 dignae
1028 2721 1150 2791 trium·

143 2840 217 2938 pho
233 2846 279 2913 ¹⁵:
304 2843 348 2914 de
368 2872 439 2944 quo
456 2847 535 2944 ipso
551 2845 640 2917 nibil
658 2846 787 2944 cupide
805 2871 962 2943 agemus,
986 2846 1064 2917 siue
1081 2858 1144 2917 tuo

145 2967 285 3065 quidem
304 2970 450 3042 consilio
477 2987 570 3044 certe
595 2971 691 3043 nibil.
717 2970 880 3044 Clausala
915 2982 970 3042 est
996 2969 1147 3043 difficilis

143 3090 181 3160 in
206 3091 376 3165 tradenda
401 3099 592 3194 provincia.
618 3096 689 3169 Sed
713 3097 801 3170 haec
828 3096 912 3169 deus
937 3094 1065 3196 aliquis
1091 3121 1151 3193 gu·

143 3213 315 3289 bernabit

192 3367 216 3413 2
240 3344 295 3414 De
318 3345 460 3441 urbanis
485 3348 587 3420 rebus
613 3322 746 3420 scilicet
773 3347 874 3447 plura
899 3342 1058 3446 tu'Jscis3
1082 3372 1154 3418 sae·

142 3466 239 3565 pius,
263 3483 300 3540 et
324 3474 472 3545 certiora
497 3473 605 3545 audis.
634 3472 811 3574 Equidem
844 3472 960 3568 doleo,
996 3498 1071 3547 non
1096 3499 1153 3547 me

143 3592 211 3662 tuis
235 3592 343 3667 literis
368 3601 550 3671 certiorem
575 3600 659 3670 fieri.
684 3599 764 3669 Huc
790 3600 883 3670 enim
908 3598 1035 3671 odiosa
1065 3599 1150 3673 affe-

142 3715 310 3790 rebantur
330 3720 373 3792 de
390 3724 541 3797 Curione
548 3781 558 3821 ,
585 3724 629 3795 de
646 3722 771 3795 Paullo
790 3727 837 3823 ¹⁶3
854 3749 924 3795 non
943 3749 1015 3823 quo
1037 3723 1153 3796 ullum

141 3843 334 3937 periculum
360 3847 499 3922 videam
524 3863 637 3922 stante
662 3851 857 3948 Pompeio,
883 3846 939 3921 vel
964 3849 1073 3921 etiam
1092 3875 1145 3921 se·
