2626 4854
297 348 346 442 84
628 362 801 414 rrrsrou
829 364 953 415 ccnxu.
1080 365 1115 417 s.
1130 371 1166 418 v.
1183 370 1211 420 e
1228 371 1270 434 2⁰³

259 557 264 565 .
294 497 369 547 esse
403 470 450 543 ad
475 494 553 541 eam
578 465 888 564 necessitudinem,
918 491 1025 568 quam
1050 469 1157 545 nobis
1182 489 1287 549 sors¹

298 597 494 692 tribuisset,
519 592 809 667 consuetudinem
834 617 976 694 quoque
1001 593 1183 672 accedere.
1198 599 1287 672 Post·

292 751 350 822 ea,
375 722 516 824 quum³
542 718 627 791 mihi
649 716 736 791 nihil
756 743 870 819 neque
895 743 915 790 a
940 731 976 791 te
998 720 1098 820 ipso,
1122 722 1284 824 nequeeb

232 850 235 855 ’
291 848 364 922 ullo
382 846 450 919 alio
469 846 513 918 de
531 844 684 917 adventu
711 858 773 917 tuo
800 843 1028 918 scriberetur:
1055 845 1223 947 verebar,
1250 873 1284 920 ne

292 975 343 1046 ita
369 973 508 1045 caderet
526 969 650 1076 (quod
677 971 782 1043 etiarn
809 995 905 1042 nune
931 981 1098 1071 vereor),
1127 980 1180 1045 ne*
1201 987 1282 1072 aute,

290 1125 396 1202 quarn
422 1112 461 1169 tu
477 1099 514 1169 in
532 1097 754 1218 provinciam
769 1097 942 1197 venisses,
959 1122 1025 1195 ego
1044 1096 1091 1170 de
1113 1100 1277 1199 provincia

293 1223 506 1297 decederem.
533 1222 664 1320 Accepi
681 1235 799 1294 autem
817 1247 837 1294 a
855 1234 891 1294 te
910 1222 1033 1294 missas
1049 1221 1173 1297 literas
1188 1223 1224 1296 in
1239 1224 1276 1296 (li

287 1349 411 1447 liciat,
438 1373 545 1449 quum
562 1372 673 1419 essem
692 1347 887 1446 incastris,
911 1373 940 1419 a.
959 1346 993 1419 d.
1012 1373 1045 1419 x.
1065 1347 1147 1421 Kal.
1160 1349 1274 1440 Quinti

286 1473 353 1574 les,
370 1475 516 1573 scriptas
534 1472 798 1570 humanissime3
824 1472 950 1573 quibus
965 1471 1068 1545 facile
1086 1487 1124 1546 et
1141 1472 1272 1547 officim

223 1596 225 1601 ’
285 1615 321 1673 et
333 1600 510 1698 ingenium
529 1614 628 1671 tuum
646 1600 798 1698 perspici
816 1613 949 1699 posset.
966 1598 1036 1671 Sed
1053 1624 1171 1701 neque
1185 1579 1270 1717 unde,

285 1751 398 1826 neque
424 1750 495 1827 quo
522 1724 578 1798 die
606 1724 707 1798 datae
733 1737 865 1823 essent,
900 1738 961 1797 aut
992 1750 1063 1827 quo
1092 1712 1267 1827 tempore⁵

284 1865 320 1924 te
345 1864 598 1951 exspectarem,
623 1851 882 1950 significabant3
906 1877 974 1925 nec
997 1853 1046 1952 is,
1079 1854 1141 1954 qui
1166 1849 1265 1925 attule-

281 1993 352 2079 rat,
378 2005 397 2051 a
423 1992 458 2050 te
485 1990 687 2078 acceperat,
711 1991 752 2050 ut
777 2003 819 2050 ex
845 2003 887 2051 eo
913 1979 1058 2077 scirem,
1087 2003 1159 2080 quo
1180 2005 1218 2052 ex
1229 1975 1264 2048 lo

281 2130 341 2204 co,
368 2118 404 2176 et
428 2129 499 2205 quo
523 2107 540 2155 ⁶
565 2117 724 2204 tempore
758 2119 875 2178 essent
907 2104 1020 2178 datae.
1052 2106 1156 2198 Quae
1179 2127 1261 2207 quum

282 2241 400 2302 essent
423 2231 574 2330 incerta,
598 2221 794 2305 existimavi
812 2246 931 2304 tamen
949 2258 1024 2305 esse
1041 2228 1260 2321 faciundum,

281 2369 321 2427 ut
347 2355 393 2429 ad
419 2369 455 2428 te
480 2370 628 2430 statores
654 2383 751 2431 meos
768 2373 806 2431 et
820 2357 965 2431 lictores
982 2382 1064 2431 cum
1082 2358 1188 2433 literis
1200 2356 1259 2429 mit·

280 2493 408 2554 terem:
434 2509 519 2583 quas
545 2484 573 2555 si
600 2485 683 2556 satis
716 2497 921 2584 opportuno
955 2497 1116 2584 tempore
1140 2485 1156 2535 ⁸
1178 2486 1258 2556 'acce

277 2608 377 2708 pisti,
404 2610 638 2707 gratissimum
662 2610 749 2682 mihi
775 2610 913 2710 feceris,
951 2611 981 2682 si
1011 2609 1058 2683 ad
1080 2607 1141 2683 ‘me
1163 2605 1256 2682 inci-

276 2731 393 2805 liciam
419 2762 523 2835 quam
548 2737 701 2834 primum
726 2737 875 2808 veneris.
907 2735 998 2809 Nam
1031 2737 1130 2837 quod
1154 2735 1195 2808 ad
1214 2752 1254 2804 me

267 2859 423 2958 Curius,
449 2860 678 2935 consobrinus
704 2875 802 2960 tuus,
827 2861 930 2961 mihi,
954 2875 994 2934 ut
1019 2863 1106 2962 scio,
1131 2860 1255 2935 maxim

274 2986 508 3084 necessarius3
534 2988 631 3087 quod
655 2989 740 3060 item
758 2990 796 3061 C.
814 2988 981 3087 Virgilius
1000 3007 1034 3089 9,
1060 2991 1257 3090 propinquus

275 3122 370 3207 tuus,
396 3090 679 3209 familiarissimus
704 3129 840 3214 noster,
874 3115 918 3187 de
950 3129 986 3187 te
1018 3115 1259 3205 accuratissime

273 3237 427 3335 scripsit:
453 3238 547 3311 valet
571 3240 609 3312 id
635 3241 776 3341 quidem
794 3240 890 3341 apud
907 3269 964 3314 me
980 3240 1150 3342 multum,
1174 3233 1266 3315 sicuti

273 3358 377 3432 debet
402 3363 900 3440 hominum‘amicissimorum
927 3367 1075 3466 diligens
1102 3391 1274 3443 commen*

271 3484 366 3559 datio
374 3515 384 3586 3
410 3489 471 3561 sed
497 3504 577 3563 tuae
604 3491 742 3592 literae,
769 3493 812 3566 de
838 3509 897 3567 tua
929 3497 1136 3597 praesertim
1161 3494 1279 3593 digni*

268 3624 340 3684 tate
365 3630 404 3710 ¹⁰,
430 3616 542 3688 etde
569 3633 688 3691 nostra
717 3621 984 3720 coniunctione,
1015 3623 1159 3694 maximi
1191 3622 1295 3694 sunl'·

269 3737 366 3834 apud
390 3765 446 3812 me
471 3743 646 3840 ponderis.
673 3746 759 3816 Mihi
788 3761 951 3847 quaestor
976 3749 1135 3847 optatior
1154 3764 1180 3798 ¹¹
1206 3745 1309 3819 obs

270 3862 401 3960 tingere
427 3892 532 3942 nemo
558 3873 682 3969 potuit.
711 3873 948 3976 Quamobrem
985 3900 1221 3978 quaecumque
1248 3916 1267 3935 ι
