2626 4854
174 320 243 426 176
477 333 651 389 crissoni
676 331 864 388 cctxrxru.
955 329 986 379 a,
1004 331 1040 379 v.
1060 330 1089 375 c„
1114 326 1160 388 ⁷0³

208 448 259 515 tit,
279 454 314 503 ut
334 440 391 502 sibi
413 461 507 522 quem
528 440 702 519 longissime
723 435 846 499 obviam
867 443 1022 519 properet·
1045 432 1063 495 3
1088 431 1180 495 Here-

207 552 312 615 ditatis
334 550 516 611 Praecianae
536 567 642 611 curam
663 547 690 607 ei
711 541 882 608 demandat

308 751 363 802 Sor.
383 747 491 800 Athenis
512 748 543 798 A.
563 746 596 799 V.
616 746 646 799 C.
664 742 791 812 ocelli,
809 741 858 796 XV
876 741 938 799 Kal.
958 742 1027 798 Nor.

224 979 268 1045 M.
295 978 331 1043 t.
357 964 533 1043 (110ΙῖΒοι
560 969 789 1038 TERENTIAE
814 971 866 1035 ET
893 969 1012 1039 TVLL.
1039 967 1125 1031 SVIS

600 1092 631 1161 S.
654 1091 688 1161 Ρ.
711 1091 751 1160 Ι).

220 1367 232 1413 ι
264 1340 300 1411 Si
326 1352 366 1411 tu
391 1352 427 1411 et
452 1337 586 1436 Tullia,
609 1336 671 1409 lux
703 1349 847 1434 nostra,
871 1334 1016 1433 valetis,
1050 1359 1118 1432 ego
1143 1347 1179 1406 et

161 1468 388 1542 suavissimus
421 1467 546 1541 Cicero
578 1463 745 1538 valemus.
778 1462 899 1536 Pridie
939 1461 1026 1535 Idus
1065 1461 1182 1535 Octo·

155 1594 241 1715 ⁸hres
267 1593 424 1666 Athenas
450 1593 631 1690 venimus,
655 1618 764 1694 quum
797 1616 881 1663 sane
907 1588 1066 1663 adversis
1092 1613 1175 1663 ven-

160 1722 205 1794 tis
224 1722 279 1792 usi
305 1747 477 1819 essemus,
501 1719 672 1821 tardeque
698 1733 734 1790 et
759 1716 985 1792 incommode
1010 1716 1174 1814 navigas-

161 1874 288 1922 semus.
313 1849 368 1953 De
393 1864 518 1923 nave²
544 1845 754 1923 exeuntibus
786 1845 891 1918 nobis
915 1847 1068 1918 Acastus
1095 1870 1185 1916 cum

159 1975 269 2049 literis
294 1990 437 2075 praesto
463 1975 529 2048 fuit
547 2002 621 2048 uno
639 1988 675 2047 et
691 1974 860 2049 vicesimo
887 1973 961 2072 die,
987 1998 1072 2045 sane
1090 1985 1213 2045 stre-

160 2128 238 2174 nue.
265 2101 399 2202 Accepi
432 2116 510 2175 tuas
534 2102 670 2202 literas,
696 2101 823 2204 quibus
848 2099 1028 2200 intellexi,
1053 2113 1090 2171 te
1120 2122 1213 2171 ve—

160 2229 249 2327 reri,
273 2253 319 2299 ne
346 2229 544 2330 superiores
560 2228 648 2300 mihi
665 2228 826 2301 redditae
842 2254 917 2301 non
934 2241 1064 2300 essent.
1091 2227 1203 2298 Om-

145 2379 221 2456 nes
239 2368 322 2427 sunt
337 2355 512 2455 redditae3
531 2355 867 2458 diligentissimeque
885 2382 905 2428 a
923 2369 959 2428 te
976 2355 1189 2456 perscripta

159 2495 242 2554 sunt
269 2484 407 2581 omnia3
433 2482 541 2584 idque
566 2484 653 2555 mihi
684 2485 920 2584 gratissimum
951 2482 1027 2555 fuit.
1054 2480 1181 2582 Neque

157 2634 236 2682 sum
270 2610 465 2687 admiratus
486 2614 511 2711 ³,
536 2611 630 2685 hanc
663 2611 867 2712 epistolam,
894 2637 1003 2712 quam
1028 2611 1171 2685 Acastus

157 2737 294 2837 attulit,
320 2736 466 2812 brevem
491 2729 607 2812 luisse.
641 2743 719 2814 Iam
751 2741 847 2816 enim
879 2765 936 2811 me
969 2740 1090 2839 ipsum
1121 2763 1167 2815 ex.-

155 2878 297 2960 spectas
315 2864 342 2962 l,
368 2868 442 2940 sive
468 2893 534 2939 nos
560 2868 674 2967 ipsos,
701 2869 761 2968 qui
794 2867 938 2967 quidem
970 2894 1079 2967 quam
1103 2865 1163 2965 pri·

156 3013 257 3059 mum
285 2989 332 3061 ad
359 3018 424 3065 vos
450 2994 571 3067 venire
599 2997 776 3094 cupimus:
803 2995 869 3067 etsi
898 2996 935 3066 in
968 3020 1079 3095 quam
1103 3017 1162 3065 rem

158 3113 341 3214 publicam
368 3121 549 3192 veniamus
567 3123 592 3220 ⁵,
619 3121 784 3220 intelligo.
817 3123 981 3220 Cognovi
1014 3123 1108 3194 enim
1129 3140 1161 3188 er

157 3241 350 3317 multorum
377 3248 570 3321 amicorum
596 3248 721 3348 literis,
749 3246 835 3351 quas
863 3233 981 3321 attulit
1007 3251 1160 3338 Acastus,

154 3366 201 3438 ad
228 3396 322 3440 arma
350 3398 425 3444 rem
452 3389 612 3472 spectare
631 3379 664 3474 ⁶3
689 3390 729 3447 ut
755 3376 859 3474 mihi,
885 3403 997 3476 quum
1022 3398 1158 3465 venero,

153 3495 377 3571 dissimulare
404 3527 478 3574 non
505 3501 627 3601 liceat,
660 3503 746 3604 quid
770 3505 929 3574 sentiam.
960 3503 1047 3602 Sed,
1066 3523 1156 3603 quan·

156 3622 231 3694 do⁷
252 3624 435 3700 subeunda
454 3629 595 3702 fortuna
614 3645 684 3730 est,
710 3656 753 3703 eo
780 3633 881 3704 citius
903 3630 1067 3702 dabimus
1085 3650 1151 3726 ope·

150 3775 244 3849 ram,
271 3767 311 3824 ut
339 3756 536 3858 veniamus,
564 3785 636 3864 quo
663 3757 796 3832 facilius
825 3758 868 3834 de
903 3771 980 3834 tota
1009 3784 1050 3831 re
1083 3749 1156 3829 deli·

146 3873 324 3956 heremus.
