2626 4854
38 364 44 376 ·
161 323 230 417 154
468 341 640 393 emenoni
665 343 840 393 ccnxxvn.
937 341 969 390 a
987 344 1071 404 nc.
1090 343 1144 405 '⁷⁰³

156 445 361 551 quotidiana
371 446 444 521 vita
462 446 691 520 coniunctum
706 447 748 525 iis
761 445 893 519 artibus
908 459 936 494 ¹¹
952 445 1170 548 studiisque,

157 602 246 677 quae
273 571 430 649 colimus.

206 732 229 778 2
255 702 394 777 Vellem
413 717 443 752 ¹²
466 702 517 775 ita
542 701 683 777 fortuna
708 700 863 800 tulisset,
887 716 929 774 ut
953 703 1080 805 quanti
1100 727 1166 802 ego

155 856 279 904 omnes
305 844 386 903 tuos
410 828 519 929 facio,
543 831 635 903 tanti
660 844 700 902 tu
724 855 823 904 meos
840 827 953 903 faeere
973 855 1100 930 posses
1118 831 1166 900 ¹³:

155 956 253 1059 quod
278 970 397 1029 tamen
422 957 559 1055 ipsum,
593 957 714 1029 neseio
748 981 818 1058 qna
847 968 1032 1058 permotus
1058 957 1168 1039 animi

155 1081 390 1181 divinatione,
413 1108 488 1155 non
514 1082 672 1184 despero.
700 1081 770 1155 Sed
795 1082 865 1156 hoc
890 1080 979 1156 nihil
995 1081 1045 1156 ad
1061 1095 1099 1155 te
1118 1079 1163 1153 ¹4:

152 1224 314 1282 nostrum
339 1224 392 1283 est
418 1235 515 1282 onus.
541 1209 635 1283 Illud
662 1210 770 1284 velim
802 1211 853 1283 sie
878 1209 1032 1310 habeas,
1069 1208 1165 1312 quod

154 1335 345 1435 intelliges,
361 1335 429 1409 hac
446 1361 484 1409 re
505 1349 637 1410 novata
653 1337 700 1435 ¹⁵,
718 1335 879 1410 additum
895 1337 1016 1438 potius
1034 1335 1167 1437 aliquid

152 1462 198 1535 ad
222 1489 340 1565 meum
365 1489 447 1563 erga
477 1476 514 1536 te
546 1463 725 1562 studium,
761 1465 819 1537 eui
850 1463 940 1537 nihil
959 1462 1164 1561 ¹videbatur

152 1588 236 1662 addi
261 1616 386 1691 posse,
412 1597 525 1692 quam'
545 1592 733 1693 quicquam
759 1617 836 1665 esse
863 1591 1080 1664 detractum.

201 1718 224 1790 3
251 1719 372 1814 Quum
384 1717 472 1791 haec
484 1717 697 1818 scabebam,
710 1743 894 1791 censonem
906 1730 944 1791 te
958 1717 1032 1790 iam
1043 1741 1122 1796 esse
1137 1718 1165 1767 ¹⁶

150 1842 345 1944 sperabam.
369 1847 427 1919 Eo
452 1845 595 1921 brevior
627 1859 682 1919 est
713 1845 801 1919 haec
826 1844 1005 1948 epistola,—
1036 1858 1093 1943 et,
1127 1856 1166 1914 nt

152 1970 319 2047 adversus
340 1989 369 2039 ¹7
388 1975 594 2072 magisnnm
610 1986 768 2072 morum.
791 1972 987 2073 modestior
1006 1972 1047 2081 ¹.⁸·
1066 1969 1164 2046 Vale.

350 2430 354 2437 ,
428 2428 434 2441 ,
528 2354 794 2429 ccnxxvffl.
889 2308 1144 2454 ..mem

150 2528 371 2610 Argumentic'm.
394 2530 538 2611 Magnam
559 2553 591 2593 se
612 2507 651 2592 eii
673 2532 796 2591 Catonis
822 2514 996 2591 laudanda}
1023 2516 1168 2612 v‘olnplass

158 2651 162 2657 '
189 2649 251 2698 tem
273 2640 389 2721 cepisse
410 2638 592 2720 profitetur,
610 2642 762 2722 petitque,
784 2649 836 2710 ut,
857 2641 881 2699 si
902 2614 1020 2719 faeere:
1034 2639 1167 2699 noluerit

188 2748 221 2806 in
242 2746 436 2828 adipiscendo
456 2746 632 2830 triumpho,
652 2758 771 2819 tamen,
793 2749 817 2807 si
832 2725 891 2806 slbi‘
903 2722 1166 2843 lessellis'fuerit‘,

190 2852 330 2932 gaudeat.
999 2845 1023 2863 ’“
1136 2860 1139 2867 ‘
1165 2846 1168 2852 ’

324 3032 380 3084 Scr.
398 3034 426 3084 in
444 3035 504 3088 Asia
521 3035 553 3088 A.
571 3035 604 3088 V.
623 3033 799 3101 nocem,
817 3050 904 3089 mense
922 3033 994 3087 Sext.
1120 3066 1123 3073 .

307 3259 351 3322 Μ.
375 3261 413 3324 Τ.
437 3260 583 3324 CICERO
607 3261 652 3324 Μ.
678 3261 830 3327 CATONI
855 3261 887 3324 S.
912 3261 946 3322 P.
970 3261 1010 3323 l).

197 3474 334 3548 Laetus
360 3501 441 3547 sum
468 3477 616 3549 landari
640 3504 715 3565 me,
731 3477 857 3580 'inquit
873 3476 1011 3551 Hector
1029 3492 1064 3577 ¹,
1088 3479 1165 3578 opi-

150 3626 238 3701 nor,
270 3601 366 3703 apud
391 3602 583 3704 Naevium,
615 3604 765 3692 abste,
795 3619 921 3706 pater,
953 3629 978 3676 a
1013 3604 1162 3676 laudato

149 3731 222 3800 viro
249 3746 273 3801 ².
299 3733 354 3804 Ea
381 3744 435 3804 est
461 3732 556 3803 enim
582 3730 743 3832 profecto
768 3728 925 3804 iucunda
948 3729 1045 3831 laus,
1076 3756 1163 3834 qnae

151 3853 194 3926 ab
220 3856 260 3926 iis
278 3859 529 3958 proficiscitur,
555 3860 614 3960 qni
628 3861 696 3961 ipsi
714 3862 751 3935 in
768 3858 874 3935 laude
892 3859 1066 3934 vixerunt.
1084 3860 1160 3957 Ego
