2626 4854
245 331 319 405 306
610 342 882 394 tuuorirrouas

246 455 285 516 33
307 453 388 529 Qui,
408 468 503 531 quum
526 450 557 507 in
579 444 705 507 Homeri
732 466 835 505 versus
856 441 975 524 aliquos
994 440 1162 509 incideret,
1182 462 1252 520 quos

285 580 346 620 non
368 555 526 640 probaret,
547 552 628 615 illico
647 573 698 613 eos
720 560 811 633 νοθείᾳ
841 547 983 611 laborare
1012 545 1209 620 affirmabat,
1227 560 1253 608 et

285 664 376 728 obelo
396 660 538 734 notabat,
558 670 594 722 ut
614 670 772 742 tamquam
792 678 856 718 non
868 655 1019 717 homerici
1033 653 1251 715 inducerentur.

247 773 288 851 34
307 771 460 832 Corradus
480 779 510 829 et
529 768 686 828 Manutius
707 765 745 825 de
767 765 867 847 Appio
888 762 1016 824 Claudio
1037 761 1140 822 Caeco
1152 761 1250 821 intelli·

286 888 378 959 gunt,
402 878 456 957 qui
481 874 562 935 solus
589 874 650 936 fere
678 883 743 933 toto
773 872 984 952 quinquennio
1009 888 1120 931 censor
1146 867 1206 927 fuit
1224 869 1251 927 t.

287 984 325 1047 V.
347 982 380 1044 C.
401 982 528 1041 CDXLI
549 1001 631 1061 seqq.
657 978 718 1040 Sed
743 978 869 1039 ulumus
895 977 1052 1037 Ciceronis
1073 975 1126 1035 hic
1146 987 1249 1039 ἀνιστο-

286 1094 384 1165 μησίαν
404 1098 505 1158 notat,
532 1086 615 1169 quod
641 1106 791 1170 proavum
817 1084 927 1147 dixerit
953 1085 1057 1156 illum,
1078 1085 1134 1164 qui
1156 1085 1199 1145 ita
1218 1081 1251 1141 ab

286 1199 389 1280 Appio
415 1194 543 1257 Claudio
568 1193 704 1254 Pulchro
730 1204 869 1275 tempore
894 1190 1047 1265 distabat,
1066 1201 1105 1252 ut
1132 1193 1249 1251 tritavus

287 1303 346 1364 dici
366 1301 526 1363 debuisset.
548 1300 604 1361 Ed.
625 1301 681 1361 Ro.
703 1312 753 1363 tuo
773 1301 874 1382 Appio
897 1297 1003 1361 Caeco.
1055 1334 1061 1346 ·

669 1514 834 1577 CCLXVI.

253 1751 263 1790 ι
289 1728 446 1811 Significat
471 1730 709 1790 coniurationem
738 1726 946 1789 Catilinariam
968 1744 988 1786 a
1008 1723 1160 1787 Cicerone
1186 1743 1248 1783 con-

288 1837 353 1897 sule
374 1857 559 1920 oppressam.
1006 1836 1022 1871 ⁶

248 1962 267 2003 2
288 1944 437 2004 Graevius
464 1954 534 2026 post
554 1944 726 2006 Victoriam
753 1945 868 2025 pariter
887 1962 923 2004 ex
943 1961 1013 2003 mss.
1035 1939 1112 2022 legit
1131 1938 1248 1999 admiru-

288 2063 403 2124 εἰνακ,
433 2050 628 2133 defenditque
656 2059 837 2133 pervenuste
867 2069 931 2111 esse
958 2046 1076 2109 dictum
1103 2044 1251 2117 absolute3

289 2155 497 2220 subintellecto
517 2179 593 2230 rem,
608 2157 720 2229 antid,
734 2157 817 2238 quod
830 2155 1074 2217 administratur:
1088 2155 1134 2215 sic
1149 2154 1250 2215 Caesar

288 2263 321 2321 B.
343 2263 408 2324 Civ.
428 2265 493 2338 Ill,
513 2263 569 2338 26,
588 2277 620 2326 ct
638 2265 672 2325 B.
693 2264 772 2325 Gall.
792 2264 848 2337 1v,
867 2264 907 2325 23
927 2272 958 2325 et
978 2263 1034 2337 31,
1058 2272 1091 2324 et
1111 2261 1185 2325 Sall.
1205 2260 1251 2318 lu-

288 2368 389 2450 gurth.
402 2390 442 2453 9²
456 2380 543 2448 extra
561 2371 729 2453 eademque
743 2373 860 2432 ratione
873 2382 904 2431 et
913 2389 1019 2431 curura
1034 2389 1128 2451 saepe
1143 2366 1250 2449 simpli·

288 2477 362 2535 citer
374 2480 528 2560 usurpari,
542 2489 577 2538 ut
591 2478 661 2539 Sall.
678 2478 763 2538 Catil.
778 2477 833 2561 59:
851 2477 882 2540 C.
898 2477 1050 2539 Manlium
1068 2478 1103 2537 in
1115 2474 1252 2544 derum,

288 2582 491 2644 Faesulanum
505 2584 663 2669 quemdum
677 2588 707 2646 in
719 2588 838 2648 sinistra
848 2598 935 2667 parte
944 2594 1050 2646 cruore
1063 2585 1153 2645 iubet
1168 2585 1249 2661 Quae

288 2693 391 2752 omnia
410 2690 461 2752 hic
481 2693 579 2754 facere
600 2714 662 2754 non
682 2706 820 2776 possunt„

249 2797 267 2857 3
288 2798 367 2861 Vide
387 2799 426 2859 ad
447 2822 515 2882 epp.
537 2801 665 2861 CCXIX
686 2811 716 2861 et
737 2800 975 2870 CCXXXVlll,
1000 2821 1025 2860 1.

248 2904 271 2978 4
289 2905 459 2966 Artificium
472 2910 638 2968 maximum
651 2906 724 2968 huic
737 2907 881 2990 epistolae
895 2909 981 2967 inest
995 2906 1073 2966 Cato
1088 2907 1189 2979 enim,
1205 2906 1252 2985 qui

288 3011 539 3092 supplicationem
551 3036 571 3074 a
584 3015 730 3075 Cicerone
743 3014 928 3097 postulatam
944 3015 1009 3096 (ep.
1021 3012 1252 3079 ccxxxviii,

290 3118 327 3195 a)
349 3116 510 3181 decernere
530 3121 644 3196 noluit,
663 3144 725 3182 non
745 3121 844 3183 solum
857 3141 920 3181 uon
935 3142 966 3181 sc
981 3133 1125 3193 excusat,
1144 3117 1252 3180 seddc-

288 3216 403 3284 cretam
425 3247 444 3286 a
464 3239 570 3289 senatu
590 3229 840 3312 supplicationem
854 3229 929 3289 dicit
949 3249 981 3290 se
1002 3228 1157 3309 gaudere,
1170 3247 1251 3308 seque

288 3328 325 3390 de
347 3332 491 3395 Cicerone
512 3332 761 3397 honorificentius
783 3338 926 3408 sensisse,
947 3357 1040 3417 quam
1066 3338 1123 3417 qui
1143 3332 1251 3416 suppli-

289 3439 438 3500 cationem
460 3441 671 3506 decrevissent.

247 3541 269 3603 5
290 3545 377 3606 Amb.
402 3568 433 3609 11
459 3561 489 3611 et
508 3550 580 3612 Rec.
601 3551 656 3611 sed
674 3551 824 3611 sententiis.

247 3649 269 3711 6
289 3652 322 3712 Si
341 3663 377 3713 tu
396 3661 510 3730 mavis,
530 3681 585 3732 ea,
606 3681 685 3741 qnae
705 3680 763 3741 pro
784 3679 817 3718 re
838 3655 925 3740 publ.
936 3656 1050 3730 fecisti,
1069 3680 1136 3720 non
1149 3656 1256 3718 rationi

288 3771 318 3820 et
338 3765 538 3826 continentiae
559 3772 645 3837 tuae,
663 3766 716 3826 sed
730 3767 797 3826 Diis
818 3763 1044 3825 immortalibus
1066 3764 1176 3826 tribui:
1191 3784 1254 3844 sup·

288 3863 480 3944 plicatioucm
495 3872 646 3935 decretam
660 3872 786 3954 gaudeo.
801 3871 964 3934 Massurius.
979 3872 1026 3934 Ex
1045 3871 1107 3934 hoc
1120 3872 1188 3935 loco
1200 3869 1257 3931 col·
