2678 4860
162 325 209 398 38
485 343 677 397 ,nrrsaoar
703 346 804 394 ccnu.
937 346 967 394 Α.
984 349 1018 396 v.
1038 350 1066 397 c.
1086 350 1136 413 7⁰³

161 461 196 520 te
224 446 316 523 volui
342 457 572 542 παριστορῆσαι.
592 446 718 518 Sumus
743 447 835 519 enim
862 447 967 521 ambo
992 449 1084 522 belle
1106 477 1164 523 cu·

160 575 251 647 riosi.
568 562 571 573 ’
950 567 960 586 1

211 701 257 775 23
283 699 403 771 Unum
429 699 534 770 etiam
559 697 665 772 velim
699 703 839 798 cogites.
867 701 979 774 Audio
1002 703 1161 802 Appium

161 829 343 923 spondiazon
359 823 522 897 Eleusine
539 823 652 897 lacere
670 841 726 902 ¹²⁰.
743 825 837 901 Num
854 827 964 928 inepti
975 826 1166 930 fuerimus,

161 952 272 1026 sinos
290 977 428 1052 quoque
442 950 649 1025 Academiae
666 951 869 1047 fecerimus?
895 956 1003 1053 Puto,
1016 955 1163 1055 inquies.

160 1082 256 1177 Ergo
273 1077 312 1149 id
328 1079 443 1177 ipsum
461 1076 654 1151 scribesad
670 1105 736 1150 me.
756 1079 931 1183 Equidem
948 1078 1050 1153 valde
1068 1082 1164 1181 ipsas

161 1204 317 1278 Athenas
335 1228 424 1277 amo.
438 1202 532 1276 Volo
550 1229 624 1276 esse
642 1203 785 1305 aliquod
801 1219 1077 1279 monumentum.
1091 1206 1164 1278 Odi

163 1318 264 1404 salsas
289 1330 536 1429 inscriptiones
564 1345 610 1380 ¹²¹
637 1344 833 1405 statuarum
856 1331 1055 1406 alienarum.
1093 1331 1165 1405 Sed

161 1471 202 1530 ut
227 1457 290 1529 tibi
316 1455 489 1556 placebit:
515 1456 689 1558 faciesque
706 1484 779 1557 me,
803 1459 842 1530 in
859 1485 963 1561 quem
981 1457 1074 1530 diem
1093 1458 1165 1531 Ro-

160 1609 263 1655 mana
278 1581 435 1654 incidant
447 1582 613 1681 mysteria
625 1599 686 1682 ¹²²,
704 1585 906 1684 certiorem,
917 1598 953 1657 et
970 1582 1161 1686 quomodo

161 1711 333 1782 hiemaris.
368 1709 460 1781 Cura
493 1722 533 1780 ut
566 1707 693 1783 valeas.
722 1711 808 1783 Post
841 1710 1060 1782 Leuctricam
1096 1736 1166 1808 pu-

163 1863 266 1936 gnam
294 1838 340 1887 ¹²³
368 1835 423 1909 die
449 1836 773 1935 septingentesimo.
789 1838 1004 1935 sexagesimo
1030 1837 1168 1937 quinte,

554 2177 558 2184 ,
587 2088 737 2159 CCLIH·
861 2081 925 2187 aaa
941 2130 992 2172 Div.
1008 2128 1079 2184 xnr,
1096 2127 1141 2186 ⁵4)

162 2266 382 2343 Argruncrmun.
400 2264 519 2323 Gratias
540 2265 659 2323 Fa'e'rno
680 2266 760 2346 ugit,
781 2264 862 2346 quod
878 2264 1040 2325 liberaliter
1053 2275 1166 2324 tracta-

203 2374 242 2430 rit
262 2371 445 2430 Marcilium:
475 2370 582 2430 deinde
603 2357 697 2452 petit,
719 2383 752 2432 ut
773 2391 896 2454 operam
918 2372 984 2444 det,
1003 2393 1042 2432 ne
1063 2362 1170 2431 socrus

202 2479 264 2536 eius
286 2500 336 2536 rea
357 2476 418 2536 fiat.

309 2674 362 2726 Ser.
380 2673 521 2727 Laudiceae
539 2676 569 2728 Α.
591 2675 620 2727 V.
640 2675 668 2729 C.
689 2675 813 2745 oculu,
833 2692 920 2728 mense
938 2675 1015 2727 Mart.

278 2876 321 2938 M.
352 2875 388 2938 T.
413 2873 560 2938 CICERO
584 2873 752 2938 THERMO
777 2873 941 2951 PROPR.1
967 2873 997 2936 S.
1020 2874 1059 2936 D.

212 3090 331 3180 Quum
356 3085 467 3160 multa
499 3086 586 3159 mihi
619 3102 718 3185 grata
742 3102 844 3187 sunt,
878 3112 966 3188 qnae
991 3101 1031 3160 tu
1057 3087 1169 3160 addu-

164 3227 240 3285 ctus
267 3239 343 3286 mea
371 3213 675 3288 commendatione
701 3215 830 3313 fecisti3
861 3227 938 3285 tum
962 3214 1000 3287 in
1024 3214 1167 3314 primis,

164 3338 261 3440 quod
286 3341 333 3411 M.
360 3338 576 3438 Marcilium,
600 3340 703 3413 amici
721 3353 825 3442 atque
842 3339 1041 3440 interpretis
1059 3356 1074 3388 ²
1095 3340 1166 3412 mei

60 3469 73 3482 ‘
163 3465 289 3565 lilium,
313 3465 552 3540 liberalissime
578 3467 780 3541 tractavisti.
805 3466 915 3541 Venit
947 3466 1040 3539 enim
1072 3469 1166 3539 Lao-

163 3592 308 3692 diceam,
321 3606 357 3666 et
368 3592 433 3666 tihi
450 3593 546 3693 apud
562 3620 636 3694 me,
651 3593 806 3695 mihique
823 3606 968 3693 propter
985 3606 1020 3665 te
1038 3593 1169 3690 gratias

161 3720 330 3792 malimas
347 3720 425 3818 egit.
439 3721 572 3821 Quare,
592 3719 688 3822 quod
704 3719 876 3822 reliquum
893 3733 962 3818 est,
980 3745 1000 3790 a
1017 3731 1053 3790 te
1066 3731 1165 3818 peto,

162 3845 337 3947 quando³
363 3846 458 3949 apud
484 3860 600 3947 gratos
626 3845 788 3922 homines
805 3845 1017 3920 beneficium
1042 3844 1165 3946 ponis,
