2626 4854
512 315 681 382 sersrona
707 333 808 380 cetu.
948 331 979 384 a,
993 333 1027 381 v.
1046 333 1073 382 c.
1092 333 1140 395 703

291 534 345 586 Scr.
364 533 503 586 Laodiceae
522 533 553 586 A.
571 533 604 585 V.
623 534 653 586 C.
673 532 796 599 occul,
816 531 856 584 111
876 531 943 585 Non.
963 532 1041 586 Mart.

481 723 625 788 CICERO
650 723 801 787 ATTICO
827 725 856 786 S.

223 966 236 1009 1
266 939 393 1038 Accepi
418 952 495 1010 tuas
513 937 630 1010 literas
648 963 677 1008 3.
695 936 728 1008 d.
748 938 909 1037 quintum
927 937 1139 1010 Terminalia
1157 953 1168 987 ¹

166 1066 381 1163 Laodiceae,
398 1093 483 1167 quas
500 1063 568 1164 legi
584 1063 822 1163 libentissime,
838 1063 1056 1164 plenissimas
1075 1090 1172 1137 amo·

168 1195 233 1291 ris,
256 1193 501 1289 humanitatis,
527 1190 649 1289 officii,
678 1188 885 1289 diligentiae.
911 1191 975 1263 His
1000 1192 1105 1289 igitur
1122 1217 1173 1262 re·

167 1319 368 1419 spondebo:
394 1319 443 1391 sic
470 1320 563 1389 enim
588 1316 764 1416 postulas,
788 1343 854 1390 nec
872 1322 1038 1409 οἰκονομίαν
1055 1321 1194 1389 3333ω’

167 1447 347 1517 instituam
381 1444 443 1517 sed
479 1444 639 1516 ordinem
665 1444 883 1517 conservabo
903 1457 1010 1553 tuum.
1036 1443 1171 1515 Recen-

166 1573 317 1644 tissimas
344 1598 363 1643 a
390 1571 564 1670 Cybistris
590 1584 625 1643 te
649 1596 744 1642 meas
769 1568 919 1642 literas²
945 1569 1075 1642 habere
1104 1569 1172 1667 ais,

168 1724 197 1769 3.
224 1697 256 1768 d.
283 1697 329 1769 Χ.
356 1695 435 1770 Κ31.
463 1697 637 1769 Octobres
665 1695 763 1768 datas
772 1724 782 1795 3
809 1709 844 1768 et
878 1695 967 1768 scire
993 1695 1062 1795 vis,
1093 1708 1171 1766 tuas

167 1849 231 1922 ego
265 1850 350 1924 quas
383 1823 588 1923 acceperim.
623 1824 756 1894 Omnes
789 1821 877 1921 fere,
903 1848 989 1922 quas
1016 1846 1170 1894 comme·

166 1976 303 2049 moras,
324 1964 464 2050 praeter
496 1975 571 2048 eas,
588 1987 589 1992 ¹
606 1975 691 2050 quas
725 1948 847 2021 scribis
879 1947 1020 2022 Lentuli
1052 1947 1170 2047 pueris

166 2092 202 2150 et
222 2078 453 2177 EquotuticO,
479 2091 514 2149 et
538 2075 725 2150 Brundisio
754 2075 862 2147 datas.
888 2075 1005 2167 Quare
1031 2099 1108 2146 non
1128 2077 1172 2141 οἴ·

166 2231 251 2296 χετοι
278 2216 338 2274 tua
363 2203 550 2299 industria,
582 2202 680 2303 quod
713 2203 859 2300 vereris,
892 2201 955 2274 sed
991 2199 1170 2301 praeclare

167 2329 328 2428 ponitur,
352 2329 382 2401 si
408 2327 551 2429 quidem
575 2327 612 2399 id
644 2328 765 2426 egisti,
797 2341 837 2400 ut
869 2353 933 2426 ego
968 2326 1169 2399 delectarer.

168 2455 259 2528 Nam
283 2453 377 2526 nulla
402 2482 439 2527 re
466 2469 544 2527 suin
568 2434 760 2527 delectatus
786 2456 905 2552 magis.

217 2609 238 2654 2
265 2580 373 2681 Quod
398 2608 512 2654 meam
543 2583 708 2668 βοθύτητο
731 2582 768 2653 in
794 2581 913 2681 Appio
948 2579 1029 2679 tibi,
1063 2579 1168 2653 liber·
1203 2674 1204 2679 ἵ

167 2721 279 2780 tatem
309 2709 414 2780 etiam
443 2709 481 2780 in
513 2709 657 2782 Bruto³
682 2708 796 2807 probo
830 2706 1055 2780 vehementer
1091 2733 1168 2805 gau-

91 2833 95 2843 '
168 2834 252 2907 deo:
277 2861 318 2908 ac
343 2849 506 2935 putaram
530 2860 629 2907 secus
647 2834 672 2905 4.
697 2835 833 2934 Appius
860 2834 954 2905 enim
972 2831 1018 2904 ad
1043 2857 1101 2905 me
1127 2857 1167 2903 ex

166 2961 289 3033 itinere
325 2960 378 3032 bis
412 2974 508 3034 terve
543 2963 818 3056 ὑπωμομψιμοίρους
850 2959 967 3032 literas
1005 2959 1169 3058 miserat,

168 3085 265 3186 quod
298 3085 470 3186 quaedam
501 3113 522 3159 a
555 3113 591 3159 se
625 3088 816 3195 constituta
848 3084 1092 3161 rescinderem.
1118 3085 1170 3158 Vt

168 3212 198 3283 si
222 3210 394 3310 medicus,
420 3237 528 3312 quum
562 3227 721 3310 aegrotus
753 3212 813 3285 alii
847 3211 985 3284 medico
1019 3210 1169 3284 traditus

145 3338 230 3439 rsit,
255 3338 356 3410 irasci
381 3336 464 3411 velit
481 3338 512 3410 ci
528 3338 682 3438 medico,
707 3340 769 3439 qui
794 3338 861 3412 sibi
886 3338 1112 3437 successerit,
1129 3337 1177 3435 si,

169 3490 258 3565 quae
282 3464 358 3564 ipse
374 3465 412 3536 in
429 3464 585 3538 curando
611 3467 846 3566 constituerit,
871 3465 1011 3537 mutet⁵
1030 3461 1102 3536 ille:
1120 3463 1171 3535 sic

168 3591 322 3691 Appius,
348 3618 455 3692 quum
487 3595 520 3693 ἐξ
544 3599 731 3689 ἀφαιρέσεως
765 3592 985 3693 provinciam
1020 3590 1173 3686 curarit,

170 3718 373 3815 sanguinem
410 3717 564 3817 miserit,
601 3706 783 3821 quicquid
805 3719 922 3820 potuit
960 3716 1173 3813 detraxerit,

170 3843 256 3916 mibi
280 3842 463 3918 tradiderit
495 3858 673 3946 enectam,
698 3851 1014 3944 προοαοοτρεφομένην
1047 3869 1125 3915 eam
1153 3867 1172 3912 a
