2626 4854
156 363 226 407 222
477 358 647 405 nrrsrott
677 361 810 406 CCXtJtV.
937 358 968 405 Δ.
986 360 1019 407 V.
1038 360 1066 405 c.
1085 360 1132 420 7⁰³

152 460 219 535 bus
246 463 276 510 ¹⁶
309 475 347 532 tu
380 486 417 532 es
451 474 657 558 contentus,
692 460 758 535 scd
792 459 924 560 aliquid
956 486 1024 533 nos
1059 462 1160 536 vellet

152 586 257 659 nobis
284 585 430 684 dignum
455 600 492 658 et
516 587 645 659 sentire
670 600 707 658 et
732 585 927 660 defendere.
950 586 1062 678 Quod
1087 589 1160 689 qui-

154 713 236 785 dem
254 738 408 812 agerem,
435 713 464 785 si
481 712 618 812 liceret,
642 712 712 786 alio
729 712 857 811 modo,
885 739 926 785 ac
944 738 1041 785 nunc
1060 740 1160 813 agen-

154 839 239 911 dum
266 851 327 911 est.
354 840 408 912 De
434 866 495 911 sua
521 839 681 939 potentia
708 839 878 911 dimicant
907 838 1071 912 homines
1095 839 1160 913 hoc

155 982 331 1065 tempore,
356 965 513 1065 periculo
540 966 700 1039 civitatis.
726 966 841 1064 Nam,
875 966 904 1037 si
940 992 996 1038 res
1021 965 1161 1066 publica

155 1092 353 1165 defenditur
372 1108 421 1191 ¹⁷3
454 1120 516 1164 cur
541 1119 602 1191 ea,
627 1091 770 1165 consule
795 1093 865 1165 isto
890 1095 987 1192 ipso,
1021 1093 1160 1166 defensa

154 1246 227 1293 non
245 1217 318 1291 esti
336 1245 398 1292 cur
414 1244 499 1317 ego,
524 1221 561 1291 in
579 1219 677 1292 cuius
696 1245 799 1291 causa
817 1219 867 1291 rei
885 1218 1051 1318 publicae
1069 1218 1157 1292 salus

154 1343 386 1442 consistebat,
413 1345 575 1418 defensus
600 1358 743 1443 postero
770 1371 863 1418 anno
890 1347 920 1396 ¹⁸
954 1370 1031 1416 non
1065 1344 1159 1417 sumi

155 1498 218 1544 cur
242 1472 428 1572 imperium
451 1470 503 1542 illi
511 1528 521 1571 ,
547 1485 607 1543 ant
633 1497 695 1544 cur
719 1470 780 1543 illo
806 1471 914 1544 modo
932 1485 1159 1571 prorogatum

98 1622 103 1635 “
155 1612 209 1671 est
236 1597 287 1671 ¹9i
313 1625 375 1671 cur
400 1612 586 1697 tantopere
612 1611 807 1698 pugnatum
833 1612 903 1697 est,
940 1612 981 1670 ut
1013 1598 1060 1669 de
1090 1598 1159 1669 eius

156 1726 309 1799 absentis
334 1726 469 1798 ratione
494 1723 656 1797 habenda
683 1741 713 1774 ²⁰
742 1724 865 1797 decem
890 1724 1023 1796 tribuni
1051 1723 1159 1825 plebis

154 1850 303 1926 serrant?
327 1853 391 1925 His
416 1851 474 1924 ille
499 1850 604 1925 rebus
628 1853 678 1924 ita
704 1851 902 1949 convaluit,
933 1865 975 1923 ut
999 1877 1096 1923 nunc
1126 1852 1161 1923 in

154 2004 226 2053 nno
253 1979 323 2052 civi
342 1994 372 2031 ²¹
400 2005 480 2079 spes
506 1979 552 2050 ad
577 1978 812 2051 resistendum
829 1978 894 2050 sit:
921 1977 981 2076 qui
1008 1976 1160 2076 mallem,

154 2119 271 2178 tantas
295 2105 329 2177 ei
354 2106 446 2179 vires
472 2131 546 2178 non
573 2105 745 2203 dedisset,
771 2130 880 2206 quam
899 2129 994 2176 nunc
1011 2118 1088 2176 tam
1104 2129 1160 2176 va·

154 2231 241 2303 lenti
266 2232 453 2303 resisteret.
480 2232 550 2303 Sed
576 2233 742 2332 quoniam
767 2257 823 2304 res
852 2255 895 2304 eo
916 2228 1072 2303 deducta
1096 2243 1160 2328 est,

42 2386 45 2391 ·
73 2425 77 2431 .
154 2380 229 2429 non
254 2382 436 2458 quaeram,
461 2372 506 2438 ut
524 2359 665 2458 scribis,
689 2368 747 2429 ποῦ
774 2364 892 2441 σκάφος
917 2360 952 2428 τὸ
968 2368 1028 2428 τῶν
1049 2355 1160 2452 Ἀτρει-

155 2483 214 2552 δῶν
239 2499 287 2582 ²²5
311 2483 397 2556 mihi
421 2491 535 2567 σκάφος
561 2510 673 2558 unum
698 2485 779 2583 orit,
812 2481 910 2585 quod
943 2509 963 2554 a
989 2483 1158 2583 Pompeio

154 2609 412 2708 gubernabitur.
446 2610 538 2719 Illud
563 2613 702 2711 ipsum,
742 2610 840 2713 quod
865 2611 938 2707 ais,
975 2609 1064 2712 quid
1088 2611 1158 2706 fiet,

154 2764 263 2838 quum
280 2738 346 2810 erit
364 2738 519 2810 dictum:
547 2766 623 2838 nic,
640 2739 687 2809 M.
706 2724 824 2811 Tnani
842 2736 897 2809 ²³}
923 2743 1074 2830 σύντομαε
1100 2738 1157 2809 Cn

152 2864 321 2936 Ponrrro
346 2889 551 2939 assanrron.
576 2866 698 2964 Ipsum
724 2878 846 2937 tamen
872 2865 1086 2963 Pompeium
1110 2888 1157 2935 se·

152 2991 304 3086 paratim
330 2991 375 3062 ad
393 2993 620 3065 concordiam
637 2991 817 3064 hortabor.
836 2992 894 3064 Sic
913 2994 1010 3063 enim
1030 2991 1156 3088 sentio,

150 3116 306 3188 maximo
331 3117 369 3187 in
393 3118 550 3217 periculo
576 3146 651 3191 rem
677 3145 761 3191 esse.
779 3120 855 3191 Vos
883 3118 1021 3190 scilicet
1045 3117 1157 3218 plura,

152 3242 213 3339 qui
238 3241 277 3312 in
301 3242 388 3316 urbe
423 3246 515 3319 estis.
540 3247 797 3319 Verumtamen
823 3243 892 3316 hoc
917 3244 1049 3343 video,
1083 3268 1156 3316 cum

149 3364 294 3439 homine
320 3369 551 3444 audacissimo
576 3373 866 3472 paratissimoque
896 3370 1081 3468 negotium
1105 3394 1153 3440 es·

151 3519 205 3594 se3
239 3521 360 3570 omnes
388 3498 595 3598 damnatos,
628 3526 751 3572 omnes
776 3497 968 3596 ignominia
1002 3495 1153 3589 affectos,

150 3647 273 3695 omnes
300 3623 527 3698 damnatione
552 3627 817 3725 ignominiaque
849 3625 974 3722 dignos
1003 3623 1088 3695 illuc
1112 3622 1154 3694 sa·

151 3772 228 3820 cere
254 3748 304 3848 ²43
335 3777 477 3824 omnem
511 3753 581 3824 fere
612 3752 850 3847 iuventutem,
888 3776 1034 3823 omnem
1065 3748 1152 3822 illam

149 3871 320 3953 urbanam
346 3905 387 3951 ac
412 3878 588 3982 perditam
612 3879 770 3984 plebem,
796 3877 958 3952 tribunos
986 3877 1148 3969 valentes,
