2626 4854
449 350 452 357 “
528 355 565 403 ιιι
592 357 782 406 missoris
1089 339 1160 412 323

150 479 167 537 7
192 454 270 519 Vide
293 456 323 515 in
345 477 391 537 ep.
414 454 586 529 CCXXIII,
609 458 636 518 3.

149 562 169 625 8
192 563 235 623 Vt
256 564 430 623 intercessio
451 561 618 624 tolleretur.
639 563 759 625 Manat.

148 691 170 753 9
192 667 521 747 DissensitMarce1103
543 690 589 750 ep.
612 670 731 742 XCIII,
756 691 779 729 r.
800 671 847 730 De
869 691 901 731 re
923 672 1069 734 videndus
1089 674 1162 737 PIun

192 775 315 837 tarcbus
337 778 367 836 in
390 776 549 859 Pompeio.

153 906 191 943 ιο
212 883 354 944 Olivetus
381 882 418 943 de
447 888 593 945 sententia
620 882 761 944 Lambini
796 895 826 944 et
853 885 981 947 Manutii
1012 889 1162 950 stomacho

190 1002 235 1049 est
254 992 401 1070 Magnas,
421 991 567 1050 nimirum
589 989 664 1051 duas
684 989 798 1050 medias
823 1011 911 1052 voces
936 1012 952 1053 e
973 991 1070 1073 glossa
1098 1016 1161 1055 esse

189 1098 361 1157 eatstimans
383 1096 503 1158 delevit.
513 1096 602 1157 Multi
617 1096 827 1178 quidemmss.
843 1118 906 1159 non
919 1112 1086 1181 agnoscunt
1101 1114 1161 1173 est,

190 1204 242 1263 alii
262 1198 295 1256 τό
316 1217 361 1264 est
379 1225 448 1264 eum
470 1205 582 1265 sciticet
601 1214 837 1269 commutarunt.

152 1333 185 1372 ιι
212 1311 333 1372 Scilicet
353 1321 514 1373 senatores

154 1438 190 1477 ια
212 1418 324 1478 Sensus
351 1429 415 1478 est:
443 1417 582 1500 plerique
603 1416 793 1500 probabant,
824 1417 983 1481 Caesarem
1004 1419 1160 1480 consulem

190 1545 254 1585 esse
275 1523 509 1605 designandum,
540 1536 594 1584 aut
623 1527 702 1584 inter
732 1523 964 1584 candidatorum
994 1547 1158 1586 numerum

191 1630 399 1713 recipiendum
419 1630 576 1692 absentem
597 1641 684 1702 ante,
717 1651 811 1714 quam
840 1634 1003 1692 exereitum
1031 1642 1062 1693 et
1086 1653 1162 1713 pro-

191 1740 322 1799 viucIam
343 1737 518 1798 tradIderat.
542 1737 648 1798 Graes.
678 1737 749 1797 Mox
770 1737 839 1810 alii,
865 1741 981 1820 pariter
1000 1759 1036 1799 ex
1056 1737 1157 1810 libris,

190 1846 243 1927 qui
261 1866 355 1929 neqioe
375 1847 537 1906 exercitum
559 1866 652 1928 neque
670 1845 853 1926 provinciam
875 1843 1010 1905 traderet.

154 1954 190 2012 13
211 1950 370 2013 Schtitzius
390 1954 536 2034 expressit
556 1951 618 2012 fere
633 1953 850 2013 correctionem
873 1949 1056 2034 Pantagathi
1069 1972 1099 2035 q.
1120 1954 1164 2014 ra·
1197 1944 1201 1951 ’

187 2059 271 2140 publ.
283 2058 422 2142 fiitrmcm
441 2061 496 2131 sit,
516 2060 544 2119 si
562 2079 621 2120 uon
640 2071 737 2138 auree,
769 2060 800 2118 in
828 2079 888 2141 qua
910 2061 980 2119 satis
1002 2059 1161 2120 eommode

189 2164 334 2248 explicari
355 2175 456 2248 potest
477 2164 552 2227 iIIud
578 2185 670 2247 quum
689 2175 866 2245 cognoscar,
882 2164 945 2226 scil.
965 2180 1062 2246 quum
1082 2163 1160 2238 hoc,

189 2271 274 2353 quod
292 2272 406 2333 factum
427 2282 488 2344 est,
509 2282 682 2354 cognoscat.
703 2271 781 2332 Mihi
803 2281 904 2333 tamen
925 2270 1056 2343 arridet,
1076 2271 1160 2353 quod

188 2378 300 2460 legitur
321 2381 351 2438 in
374 2378 461 2441 Amb.
489 2377 524 2439 15
543 2380 659 2440 baturus
678 2380 715 2439 sit
734 2392 796 2440 tum
816 2379 923 2450 scium,
942 2400 1036 2460 quum
1054 2399 1160 2458 cogno-

188 2507 271 2546 scam
291 2484 433 2567 quidnam
453 2487 496 2547 rei
504 2486 588 2568 publ.
600 2485 741 2569 facturus
760 2487 815 2558 sit,·
833 2487 861 2546 si
878 2497 977 2547 autem
991 2507 1051 2546 non
1064 2497 1161 2558 curet;

187 2605 405 2674 eteognoscmn
419 2593 559 2676 quidem,
578 2614 642 2655 non
663 2605 820 2674 eognoscat
845 2591 960 2653 habent
980 2591 1048 2653 Iibri
1072 2591 1159 2651 multi

189 2703 252 2761 sive
273 2702 377 2783 scripti
399 2704 461 2761 sive
482 2701 581 2764 excusi
603 2711 679 2772 vet,
700 2710 735 2760 ut
749 2710 778 2760 et
781 2698 908 2782 futurus
916 2742 928 2772 ,
946 2718 1008 2758 non
1019 2696 1160 2779 futurum

187 2807 278 2869 multi
296 2805 407 2867 Ambb.
429 2807 562 2889 aliique,
580 2827 657 2889 quos
678 2807 796 2867 Manat.
818 2826 887 2867 eum
909 2805 996 2865 editis
1020 2803 1156 2865 eontulit

187 2914 331 2987 Broxime
351 2914 421 2975 Rea.
444 2914 738 2997 Pompeiuslawrus
759 2926 802 2975 est
815 2913 886 2986 iste,
906 2933 974 2973 eum
986 2897 1161 2991 cognaseam

188 3043 218 3105 q.
240 3021 285 3081 mi
298 3021 383 3104 publ.
394 3019 535 3104 ficturum
548 3023 602 3098 sit3
622 3023 649 3082 si
666 3033 767 3083 autem
791 3041 850 3081 non
869 3030 958 3082 curri.
981 3020 1016 3078 In
1037 3016 1161 3101 vulgata

187 3129 318 3190 lectione
338 3129 407 3190 illae
420 3151 508 3192 voees
521 3142 575 3203 aut
589 3151 648 3191 non
659 3131 755 3212 pessit
772 3149 872 3210 neque
886 3127 963 3188 bene
985 3124 1161 3205 intelligun-

188 3245 254 3308 tur,
285 3257 385 3318 neque
410 3235 519 3298 obviae
546 3239 668 3298 suntin
690 3257 768 3312 mss3
797 3245 829 3296 et
856 3233 925 3295 illae
945 3244 999 3296 aut
1025 3253 1085 3293 non
1110 3252 1162 3290 cu·
1188 3206 1195 3231 ¹

146 3368 149 3375 ⁴
186 3353 235 3402 ret
254 3349 380 3404 mancae
407 3355 477 3405 sunt
498 3346 533 3405 'si
565 3346 704 3427 superius
736 3341 910 3405 membrum
937 3340 1047 3402 deleas.
1078 3339 1159 3398 Tum

180 3462 273 3533 seqq.
294 3473 344 3513 vos
357 3472 440 3512 senes
452 3450 553 3513 divites
574 3451 649 3536 quid
669 3451 726 3514 sibi
748 3450 858 3514 vellent
878 3470 978 3531 neque
1002 3445 1161 3507 -Ernestius

188 3557 417 3642 assequebatur.
