2626 4854
448 335 485 380 ΙΝ
512 329 702 380 EPISTOLAS
816 374 820 383 .
1005 339 1072 414 271

69 459 105 518 77
129 436 245 496 Omnia
267 443 350 506 sunt,
372 453 449 514 quoe
464 433 503 492 ad
516 434 736 494 controversias
757 430 935 513 publicanos
957 437 1035 496 inter
1049 448 1079 497 et

106 524 312 627 provinciales
322 543 483 624 pertinent.
498 540 569 601 Mox
585 540 717 619 transigi,
735 537 765 599 h.
781 560 806 600 e.
823 544 1001 623 pertractari
1016 563 1076 602 non

106 662 250 736 possunt,
272 651 329 710 nisi
353 669 387 709 ex
408 647 540 708 formula
560 646 599 706 ub
620 646 719 707 edicto
740 649 909 709 constituta.

67 760 106 841 78
128 759 264 830 Scilicet,
277 758 455 817 auctionum
470 757 620 836 magistris
639 754 790 817 faciendis.
806 754 884 817 Vide
897 776 955 838 pro
971 757 1077 834 Quint.

111 866 147 926 15
169 878 199 926 et
220 886 268 947 ep.
291 863 411 924 CCVll.
434 862 484 923 Sic
505 860 662 933 Lambin,
682 863 737 921 nisi
757 861 839 943 quod
853 861 946 922 habet
956 864 1079 945 suriun-

104 972 160 1034 dis.
182 973 285 1053 Vulgo
307 971 452 1050 uragistris
462 967 630 1050 faciendis,
649 966 814 1030 vendendis,

65 1102 104 1163 79
125 1078 293 1140 Lambinus
315 1086 465 1162 dypuueor.

63 1187 103 1247 80
126 1186 206 1247 ldest
227 1188 304 1257 suis,
323 1204 386 1245 non
406 1185 561 1245 Romanis.
582 1185 735 1244 Dicuntur
752 1187 901 1265 peregrini
913 1206 998 1248 more
1014 1187 1074 1249 lto-

102 1312 204 1354 mano.
226 1293 303 1352 Nam
325 1293 447 1352 Graecis
475 1312 538 1352 non
558 1302 646 1352 erent
671 1293 833 1374 peregrini.
854 1292 970 1354 Ernest.
992 1296 1073 1357 Male

101 1401 170 1461 edd.
192 1421 311 1463 sorores
331 1398 473 1461 iudicibus
496 1413 528 1459 ut
547 1401 605 1460 suis
627 1413 755 1460 utuntur.
777 1399 859 1460 Infra
874 1401 952 1463 Vict.
976 1402 1013 1484 Q.
1029 1424 1073 1463 re-

93 1509 179 1592 fert?
199 1510 221 1569 ii
239 1529 271 1568 se
292 1519 346 1570 ete.

63 1617 96 1678 81
123 1618 234 1677 lronia.
256 1616 319 1676 Vos
340 1619 430 1676 etiam
452 1617 568 1676 Romae
590 1635 696 1697 graves
718 1614 836 1677 habetis
858 1616 970 1678 iudices
992 1617 1071 1678 Tur-

100 1726 225 1806 pionem
248 1726 413 1795 sutorium,
430 1734 460 1783 et
472 1725 609 1786 Vettium
626 1726 813 1806 mancipem
829 1734 995 1804 utrumque
1009 1745 1072 1785 sor·

100 1829 249 1890 didissimi
277 1842 426 1911 quaestus.
455 1830 579 1912 Popma.
605 1830 684 1890 Edd.
712 1831 864 1891 Rollin.
887 1831 954 1891 Auli
983 1833 1075 1892 nostri

99 1940 196 2009 enim3
217 1938 301 2019 quod
322 1941 459 2020 ineptum
480 1959 541 1999 non
563 1950 616 1999 est.

62 2044 98 2104 82
119 2045 281 2105 Paetiones
302 2055 372 2104 sunt
392 2044 490 2125 leges,
511 2047 573 2104 sive
595 2054 766 2106 contractus
788 2048 866 2106 inter
891 2045 1071 2129 publicanos

98 2163 129 2212 et
149 2151 281 2235 populos
303 2151 471 2232 vectigales.
494 2151 649 2224 Serviliis,
672 2153 837 2224 isauricus,
859 2155 911 2235 qui
935 2157 967 2214 Α.
983 2154 1020 2216 V.
1035 2153 1070 2214 C.

97 2259 275 2320 DCLXXV
295 2258 418 2319 Ciliciae
438 2258 585 2341 praefuit3
607 2259 727 2341 dequo
749 2281 795 2342 ep.
818 2261 886 2333 XC,
913 2281 935 2321 r.

25 2404 28 2417 ι
58 2364 98 2426 83
118 2364 319 2426 Debitoribus
340 2365 379 2425 ed
399 2365 586 2426 solvendum.

57 2472 99 2550 84
119 2472 173 2532 Me
193 2492 245 2532 eos
266 2482 443 2533 coacturum
464 2473 596 2546 solvere,
617 2475 701 2556 quod
722 2478 801 2556 poeti
823 2485 906 2550 sunt,
928 2475 1019 2547 idest,
1044 2480 1066 2536 si

97 2591 262 2662 quaternas
275 2583 366 2640 etiem
381 2583 557 2640 centesimas
572 2582 652 2661 pecti
667 2592 752 2652 sunt,
764 2593 927 2663 quaternas
940 2583 1067 2644 solvent.

56 2685 98 2747 85
119 2688 166 2747 ltu
186 2685 238 2758 fit,
262 2689 381 2769 inquit,
400 2698 435 2747 ut
461 2685 617 2768 publicani
638 2686 771 2748 babeant
797 2687 872 2748 buee
899 2690 1067 2765 cumulatim

97 2795 253 2854 verborum
273 2795 412 2857 honorem
432 2805 488 2855 etc.
511 2795 594 2855 ldem
616 2794 728 2855 scilicet
741 2793 791 2854 bic
805 2794 892 2867 dicit,
913 2796 995 2876 quod
1017 2817 1068 2856 su·

95 2923 155 2984 pra
174 2902 268 2962 verbu
289 2900 379 2962 leudo
400 2913 456 2963 ete.
478 2901 613 2964 Lambin.

54 3006 97 3068 86
118 3008 179 3068 Alii
199 3008 341 3090 supplent
360 3007 436 3078 pitu
457 3012 516 3080 ite,
537 3023 572 3069 ut
592 3020 692 3071 sonet:
715 3010 787 3071 nihil
805 3011 874 3091 ipsis
901 3030 990 3070 curae
1016 3022 1067 3070 est.

97 3114 210 3175 Sensus
231 3135 304 3175 vero
325 3127 383 3175 est:
406 3116 481 3177 nibil
514 3119 586 3199 ipsis
612 3118 745 3178 concedo
773 3138 842 3178 cum
868 3117 998 3179 aliorum
1020 3119 1066 3178 in-

95 3223 174 3281 iuria
181 3267 192 3295 ,
212 3232 247 3284 ut
265 3222 342 3283 bene
361 3223 518 3285 Ernestius
539 3225 689 3307 explanat.

53 3327 93 3409 87
117 3327 186 3390 Hoc
207 3338 267 3399 est,
279 3349 299 3389 o
313 3329 525 3410 perturbatum
548 3352 650 3393 rerum
665 3332 820 3408 ordinem,
841 3353 920 3415 quo,
939 3332 1064 3401 scilieet,

93 3447 128 3496 tu
149 3438 253 3496 uteris.
273 3436 344 3497 Mox
370 3436 402 3495 id
428 3440 523 3517 ipsum
550 3439 632 3500 dedit
658 3439 834 3501 Lambinus.
861 3440 931 3501 Mss.
962 3448 1065 3498 curent

94 3544 134 3610 τῷ
156 3541 197 3602 id.

54 3647 93 3708 88
113 3648 243 3709 Constat
260 3655 298 3710 ‘ex
325 3651 440 3721 Dione,
464 3651 636 3733 Scipionem
664 3653 746 3714 bunc
773 3652 946 3723 Metellum,
969 3651 1019 3730 qui
1043 3670 1062 3709 u

93 3756 132 3833 Q.
155 3756 291 3816 Caecilio
311 3758 436 3818 Metello
456 3759 513 3819 l'io
527 3760 688 3843 adoptatus
701 3773 760 3832 est,
776 3761 924 3842 Scipionis
939 3757 1062 3817 Nusicue

93 3863 188 3924 fuisse
209 3864 376 3925 naturalem
398 3865 494 3925 silium
516 3870 573 3937 ite,
593 3879 628 3928 ut
653 3890 746 3929 ovum
773 3866 915 3927 babuerit
942 3862 1061 3944 Scipio·
