2626 4854
283 308 356 404 246
605 322 777 377 nrrsrom
804 322 969 375 ccxcrru.
1070 319 1151 373 nv.
1167 314 1198 375 c.
1214 322 1266 388 ,οι

279 434 379 536 boni,
412 455 559 533 sequar,
590 429 727 502 etiamsi
758 439 871 501 ruent.
903 421 1001 518 Quid
1031 424 1080 497 sit
1113 425 1288 525 optimum

278 551 370 627 male
395 548 585 623 contractis
609 547 731 646 rebus,
756 545 861 647 plane
886 543 991 619 video
1008 558 1052 625 3².
1074 542 1221 618 Nemini
1236 558 1286 617 cst

279 678 374 751 euim
391 675 630 777 exploratum,
647 699 756 775 quum
773 671 820 745 ad
836 696 931 745 arma
952 683 1098 746 ventum
1112 683 1185 770 est,
1202 671 1282 773 quid

279 802 437 877 firturum
461 802 525 875 sit:
552 813 590 873 at
614 798 702 872 illud
727 797 906 898 omnibus,
930 798 960 871 si
980 795 1069 870 boni
1085 798 1172 872 victi
1193 810 1282 898 sunt,

278 955 345 1003 nec
370 929 409 1002 in
434 927 542 1000 caede
568 926 769 1027 principum
793 924 1057 998 clementiorem
1072 924 1222 998 hunc'³³
1237 924 1279 1001 fu-

279 1080 336 1154 re,
364 1079 473 1155 quarn
498 1038 612 1129 Cinna
636 1050 756 1152 suerit,
779 1076 845 1125 nec
869 1050 1159 1152 moderatiorem,
1184 1078 1276 1154 quau

279 1170 393 1280 Sulla,
424 1181 463 1253 in
491 1179 649 1281 pecuniis
673 1177 923 1281 locupletium..
945 1158 1214 1273 Ἐρὶπολιτεύομαί
1236 1209 1273 1251 uu

278 1308 351 1380 ium
376 1305 534 1380 dudum:
559 1320 595 1378 et
619 1305 769 1380 facerem
794 1306 942 1405 diutius,
966 1305 1033 1379 nisi
1057 1331 1117 1379 me
1142 1304 1271 1381 lucerua

177 1500 185 1509 ,
280 1414 463 1507 desereret.
475 1432 534 1507 Ad
545 1458 734 1530 summam,
752 1457 821 1531 mc,
837 1432 885 1506 M.
897 1432 1017 1509 Tvmr
1031 1432 1092 1507 Ἠ
1103 1433 1271 1507 Assentior

278 1560 343 1633 Cn.
367 1559 557 1659 Pompeio,
581 1557 619 1631 id
644 1571 698 1633 est
721 1558 763 1632 T.
787 1558 998 1659 Pomponio.
1031 1558 1190 1661 Alexim,
1213 1560 1265 1632 hu·

278 1686 519 1760 inanissimum
544 1710 693 1785 puerum
721 1685 773 1785 ²⁵,
796 1685 864 1759 nisi
888 1685 991 1785 sorte,
1017 1684 1104 1760 dum
1130 1712 1195 1787 ego
1220 1685 1267 1759 alu

279 1839 372 1913 sum,
396 1811 600 1886 adolescens
625 1811 737 1886 factus
763 1825 818 1885 est
851 1811 912 1901 (id
936 1813 1031 1887 enim
1057 1839 1161 1913 agere
1185 1812 1264 1890 vide·

278 1938 428 2039 batur),
453 1938 585 2015 salvere
609 1937 730 2013 iubeas
757 1938 871 2015 velim.

685 2193 880 2267 CCXCIX·
1034 2235 1244 2296 (araturus).

278 2369 499 2453 Argumentum.
525 2391 535 2429 1
561 2369 738 2453 Suspicione
753 2339 982 2453 &Dionysium
996 2371 1155 2435 absolvere
1172 2371 1260 2434 scribit

319 2496 337 2534 2
359 2477 458 2535 Attico
478 2477 653 2538 valitudinis
665 2500 780 2538 euram
801 2479 1001 2541 commendat.
1024 2481 1042 2540 3
1063 2482 1112 2542 De
1127 2478 1280 2542 Dolabella·
1310 2476 1312 2481 ’

317 2584 423 2645 Liviae
443 2582 570 2661 herede3
591 2587 613 2663 4
632 2585 669 2645 dc
690 2588 733 2645 rei
755 2585 896 2669 publicae
917 2597 1005 2648 statu.

404 2781 477 2848 sen,
497 2791 525 2835 ut
543 2782 662 2850 ridetur,
681 2783 707 2834 in
727 2783 865 2838 Formiano
883 2786 913 2838 A.
931 2784 964 2839 V.
983 2786 1012 2840 C.
1031 2786 1157 2854 DCCIH,

658 2886 717 2947 post
737 2879 757 2929 X
777 2879 837 2931 Kal.
856 2881 911 2932 lan.

598 3102 742 3167 CICERO
768 3103 918 3169 ATTICO
944 3106 974 3168 S.

332 3355 345 3400 1
377 3330 473 3423 Quid
499 3357 589 3434 opus
614 3349 669 3408 est
696 3350 708 3388 ¹
737 3335 781 3409 de
805 3336 981 3437 Dionysio
1007 3351 1083 3413 tam
1110 3338 1207 3415 valde
1228 3333 1261 3410 as·

276 3454 435 3530 firmare?
468 3483 514 3533 an
546 3461 634 3534 mihi
658 3475 765 3535 nutus
791 3476 872 3536 tuus
898 3488 973 3536 non
997 3463 1130 3539 faceret
1153 3458 1261 3538 fidem?

276 3580 518 3682 Suspicionem
544 3601 664 3662 autem
687 3615 731 3663 eo
757 3589 844 3662 mihi
868 3591 1040 3664 maiorem
1066 3606 1128 3665 tua
1144 3590 1260 3666 unitur

273 3708 366 3783 nitas
396 3711 579 3813 attulerat,
603 3715 700 3816 quod
717 3729 753 3789 et
771 3730 808 3789 tu
825 3714 918 3789 soles
939 3716 1178 3816 conglutinare
1193 3711 1257 3789 aui·

274 3833 372 3908 sitias
397 3839 605 3915 testimoniis
631 3844 720 3942 tuis3
745 3858 780 3916 et
804 3841 901 3916 illum
920 3841 1019 3918 aliter
1036 3871 1118 3919 curn
1134 3843 1204 3918 aliis
1219 3837 1249 3911 de
