2626 4854
158 347 208 446 54
497 368 669 416 errorum
694 369 805 416 ccrxr.
927 356 971 418 a,
990 373 1022 418 v.
1041 375 1071 419 c.
1090 373 1139 433 50³

157 470 294 543 iudiciis
318 495 455 542 summa
480 471 706 542 contentione
732 471 895 570 defendi,
918 486 977 572 ut,
1001 474 1074 547 tuis
1097 475 1166 548 ini·

156 598 295 670 micitiis
311 595 556 696 suscipiendis,
570 596 836 671 oblivisceretur
848 601 990 698 patroni
1001 603 1164 676 omnium

155 722 373 796 fortunarum
392 748 433 795 ac
450 723 626 795 rationum
643 750 800 797 suamm:
827 727 1035 824 praesertim
1051 755 1164 828 quum

155 862 195 921 tu
221 849 383 922 omnibus
408 847 466 922 vel
491 851 722 948 ornamentis,
747 850 805 924 vel
830 852 1013 951 praesidiis
1031 853 1164 928 redun-

157 974 274 1073 dares,
298 974 349 1048 illi
375 984 432 1064 (ut
456 973 630 1049 levissime
650 979 679 1027 ¹⁸
700 977 835 1067 dicam)
860 976 971 1051 multa
989 980 1163 1054 deessent

156 1103 264 1175 Cuius
289 1127 406 1176 sermo
432 1101 559 1176 stultus
579 1120 609 1168 ¹9
633 1117 670 1176 et
695 1104 838 1205 puerilis
862 1119 939 1177 erat
962 1107 1035 1178 iam
1060 1121 1164 1180 antea

156 1229 203 1301 ad
227 1255 285 1301 me
309 1231 394 1302 aM.
411 1228 552 1328 Caelio,
576 1228 738 1302 familiari
762 1245 902 1330 nostro,
926 1234 1163 1332 perscriptus:

157 1354 201 1428 de
227 1381 297 1457 quo
321 1357 407 1428 item
431 1381 592 1429 sermone
616 1356 727 1429 multa
752 1359 884 1459 scripta
914 1373 999 1431 sunt
1027 1359 1093 1432 ahs
1118 1374 1163 1432 te

156 1483 234 1580 Ego
267 1497 385 1554 auteur
418 1483 520 1555 citius
552 1510 634 1556 cum
664 1509 724 1583 eo,
757 1484 818 1585 qui
850 1498 929 1557 tuas
960 1485 1163 1559 inimicitias

156 1609 383 1709 suscepisset,
414 1623 568 1682 veterem
602 1611 889 1683 coniunctionem
923 1611 1163 1712 diremissem,

157 1760 262 1836 quarn
287 1761 419 1809 novam
435 1752 466 1785 ²⁰
493 1735 742 1809 conciliassem.
756 1737 879 1839 Neque
897 1739 993 1810 enim
1018 1738 1065 1810 de
1083 1765 1163 1811 meo

156 1888 236 1961 erga
262 1876 297 1936 te
322 1862 440 1936 studio
466 1862 626 1936 dubitare
654 1862 777 1961 debes,
811 1888 925 1965 neque
951 1863 990 1935 id
1016 1879 1073 1937 est
1100 1863 1163 1938 ob-

155 2014 297 2081 scurum
322 1991 546 2090 cuiquam'in
571 1991 771 2090 provincia,
797 2015 862 2063 nec
889 1992 1023 2064 Romae
1050 1991 1128 2065 fuit.

206 2116 228 2190 3
256 2114 326 2188 Sed
351 2130 469 2188 tamen
494 2116 709 2213 significatur
733 2116 769 2188 in
791 2117 859 2189 tuis
876 2115 987 2190 literis
1004 2119 1159 2219 suspicio

156 2241 345 2345 quaedam,
371 2257 407 2314 et
434 2241 605 2315 dubitatio
632 2258 707 2315 tua:
735 2243 778 2314 de
804 2270 874 2344 qua
901 2244 1056 2316 alienum
1073 2259 1161 2318 tem·

155 2396 223 2470 pus
249 2383 303 2442 est
319 2369 404 2441 mihi
422 2384 538 2441 tecum
557 2369 820 2469 expostulandi,
845 2370 1022 2470 purgandi
1041 2385 1161 2449 autem

155 2498 241 2594 mei,
266 2497 507 2570 necessarium.
529 2496 603 2569 Ubi
621 2497 714 2568 euim
732 2523 796 2595 ego
815 2499 978 2598 cuiquam
994 2496 1159 2596 legationi

155 2623 205 2696 fui
222 2624 474 2724 impedimento
490 2635 543 2723 '²1,
569 2649 639 2727 quo
657 2624 772 2696 minus
789 2625 937 2696 Romam
957 2623 1003 2697 ad
1020 2624 1159 2698 laudem

156 2765 253 2824 tuam
279 2750 495 2824 mitteretur?
532 2752 654 2823 autin
680 2777 750 2851 quo
776 2753 894 2850 potui,
926 2752 956 2822 si
982 2765 1019 2824 te
1045 2751 1157 2852 palam

158 2876 326 2978 odissem,
343 2879 475 2977 miuus,
493 2877 590 2978 quod
607 2878 670 2950 tihi
689 2877 846 2976 obesset,
862 2877 994 2950 facere?
1013 2879 1042 2950 si
1061 2879 1157 2978 clam,

156 3005 267 3102 magis
293 3019 413 3103 aperte
444 3005 607 3077 inimicus
633 3004 730 3077 esse?
767 3004 876 3097 Quod
908 3004 937 3077 si
975 3030 1090 3078 essem
1123 3029 1157 3076 ea

156 3129 325 3230 perfidia,
350 3157 417 3231 qua
443 3146 526 3203 sunt
549 3132 591 3229 ii,
617 3132 676 3234 qui
702 3133 739 3202 in
765 3157 830 3204 nos
855 3130 942 3203 haec
961 3131 1157 3230 conserunt,

71 3309 76 3319 1
158 3272 276 3329 tamen
302 3283 341 3330 ea
367 3256 633 3330 stultitiacerte
659 3283 733 3330 nou
758 3259 919 3357 fuissem,
938 3325 939 3328 ,
956 3272 998 3330 ut
1030 3272 1093 3331 aut
1124 3259 1157 3328 in

159 3383 309 3456 obscuro
335 3384 418 3456 odio
444 3399 582 3484 apertas
600 3385 815 3483 inimicitias,
842 3397 920 3484 aut,
944 3385 1073 3486 inquo
1099 3384 1156 3456 tibi

157 3509 448 3611 nihilnocerem,
478 3539 649 3584 summam
684 3511 906 3585 ostenderem
939 3509 1159 3584 voluntatem

155 3636 317 3709 nocendi.
335 3637 392 3711 Ad
410 3665 465 3710 me
491 3638 587 3710 adire
614 3637 785 3738 quosdam
811 3638 970 3736 memini,
997 3639 1159 3711 nimirum

157 3789 200 3834 ex
217 3765 382 3864 Epicteto
396 3780 444 3862 ²²,
471 3766 530 3865 qui
548 3764 720 3864 dicerent,
740 3765 842 3836 nimis
860 3789 1007 3863 magnos
1026 3778 1159 3838 sumtus

157 3888 278 3987 legatis
305 3891 463 3965 decerni:
489 3893 616 3994 quihus
641 3919 706 3992 ego
732 3919 804 3967 non
830 3906 903 3965 tam
930 3893 1104 3994 imperavi
1117 3893 1160 3988 ²³,
