2626 4854
769 112 789 157 N

228 325 276 396 26
581 348 750 396 arrsrott
775 351 876 395 cetur.
1009 350 1039 394 ι.
1055 352 1088 397 v.
1108 352 1135 397 c.
1154 353 1202 411 μιν

225 449 342 522 literas
367 452 399 515 ⁶⁷
425 448 528 522 misit.
554 450 715 524 Necdum
739 451 856 524 Bibuli
873 467 973 524 erant
997 451 1136 526 allatae:
1155 456 1229 555 qui-
1270 440 1275 452 ¹

202 573 205 579 ’
225 574 291 650 bus
317 578 497 676 recitatis,⁴
515 590 603 676 puto
620 564 711 677 lore,
736 593 777 650 ιιι
799 578 988 680 aliquando
1006 606 1229 654 commovea-

228 715 284 773 tur
309 715 458 774 senatus.
484 702 659 804 Equidem
684 730 761 777 sum
792 706 830 776 in
863 731 989 803 magna
1015 706 1122 779 animi
1148 731 1229 804 per·

226 826 427 901 turbatione
444 830 486 902 ⁶⁸.
504 831 559 930 Si,
574 845 615 902 ut
631 845 732 931 opto,
750 857 825 905 non
841 847 1052 932 prorogatur
1068 847 1230 905 nostrum

114 973 117 979 ·
228 956 423 1054 negotium:
460 955 574 1030 habeo
607 959 747 1031 Iunium
779 973 815 1043 et
840 959 1035 1050 Quintilem
1058 960 1096 1031 in
1121 973 1228 1032 metu.

228 1083 334 1180 Esto;
360 1081 432 1156 duo
449 1084 591 1184 quidem
608 1111 745 1158 menses
763 1084 948 1158 sustinebit
964 1085 1118 1158 Bibulus.
1131 1084 1230 1178 Quid

229 1207 289 1281 illo
307 1211 384 1309 fiet,
409 1236 515 1310 quern
530 1210 701 1312 reliquero
724 1214 777 1312 ⁶9,
801 1215 1007 1312 praesertim
1024 1215 1053 1284 si
1070 1212 1232 1284 fratrem?

231 1339 316 1440 quid
340 1365 397 1410 me
424 1353 554 1435 autern,
579 1340 705 1411 sinon
731 1351 804 1411 tam
830 1340 900 1412 cito
924 1339 1080 1412 decedo?
1105 1364 1233 1437 magna

230 1466 334 1539 turba
360 1480 421 1538 est.
447 1464 534 1537 Mihi
558 1479 678 1538 tamen
703 1490 783 1538 cum
805 1465 974 1538 Deiotaro
993 1482 1036 1532 7⁰·
1051 1466 1233 1565 convenit,

231 1604 272 1664 ut
296 1591 353 1664 ille
378 1593 416 1663 in
441 1593 526 1663 meis
553 1592 672 1664 eastris
698 1605 790 1663 esset
814 1618 894 1663 cum
924 1593 994 1663 suis
1021 1593 1132 1690 copiis
1160 1617 1232 1664 om·

231 1718 345 1791 nibus.
370 1717 488 1790 Habet
511 1732 629 1790 autem
654 1717 816 1798 cohortes
842 1717 1149 1820 quadringenarias
1166 1743 1232 1790 no-

233 1857 305 1917 stra
331 1858 505 1917 armatura
530 1872 598 1919 xxx
618 1861 668 1946 ⁷¹3
704 1845 860 1947 equitum
893 1870 947 1916 cro
981 1871 1044 1916 cro.
1075 1845 1155 1916 Erit
1188 1841 1235 1915 ad

234 1971 515 2071 sustentandum,
533 1970 652 2074 quoad
667 1972 857 2070 Pompeius
875 1972 1006 2069 veniat3
1033 1972 1093 2070 qui
1109 1969 1236 2067 literis,

235 2125 321 2201 quas
339 2098 385 2171 ad
402 2099 601 2197 meminit,
627 2098 814 2196 significat,
832 2122 933 2170 suum
949 2098 1130 2195 negotium
1146 2094 1237 2167 illud

235 2225 317 2297 fore.
335 2225 500 2298 Hiemant
516 2227 690 2298 innostra
706 2224 889 2323 provincia
902 2223 1033 2304 Parthi.
1047 2225 1239 2321 Exspecta·

236 2368 294 2427 tur
317 2355 393 2452 ipse
419 2351 557 2426 Orodes
575 2369 615 2424 7².
641 2351 738 2444 Quid
763 2349 920 2452 quaeris?
946 2349 1164 2451 aliquantum
1184 2363 1238 2421 est

235 2510 280 2557 ne
304 2501 376 2557 utn.

283 2513 333 2684 gre
360 2611 413 2683 De
429 2606 546 2681 Bibuli
562 2608 697 2707 edicto,
713 2605 801 2680 nihil
817 2604 901 2679 novi
915 2607 961 2702 ⁷³,
986 2618 1125 2703 praeter·
1142 2597 1239 2675 illam

237 2738 497 2837 exceptionem,
523 2734 567 2807 de
593 2748 725 2836 quatu
750 2733 877 2806 adme
903 2733 1103 2830 scripseras:
1134 2735 1241 2800 ninus

235 2866 338 2962 gravi
356 2862 579 2964 praeiudicio
598 2861 630 2928 74
654 2864 694 2933 in
718 2861 877 2933 ordinem
901 2871 1072 2931 nostrum.
1091 2858 1169 2955 Ego
1187 2870 1241 2928 ta-

237 3016 320 3063 men
343 2986 458 3062 habeo
484 2988 740 3080 ἰσοδυναμοῦσιν,
766 2987 830 3060 sed
853 2987 1039 3058 tectiorem
1058 2983 1108 3082 75,
1134 3009 1177 3054 ex
1195 2984 1240 3075 Q.

239 3117 348 3189 Mucii
371 3117 409 3188 P.
434 3115 474 3188 F.
500 3113 616 3187 edicto
641 3113 817 3187 Asiatico:
853 3126 961 3184 extra
995 3113 1164 3211 quamsi
1189 3114 1241 3180 ito

240 3246 417 3342 negotium
439 3255 673 3340 gestamen,
698 3255 804 3314 uteo
829 3244 919 3313 sturi
949 3264 1023 3312 non
1049 3252 1242 3338 oporteat,

239 3394 291 3442 ex
303 3369 383 3464 fide
409 3367 529 3440 bona:
561 3369 740 3469 multaque
766 3394 843 3440 sum
869 3372 1007 3439 secutus
1034 3363 1244 3460 Scaevolae3

153 3592 155 3597 ,
240 3496 278 3568 in
302 3496 344 3567 iis
368 3494 471 3594 illud,
496 3496 535 3567 in
561 3522 631 3597 quo
652 3483 719 3566 sibi
734 3493 931 3567 libertatern
950 3505 1095 3564 censent
1113 3490 1244 3564 Graeci

242 3622 377 3722 datam,
401 3636 442 3693 ιιι
467 3623 593 3696 Graeci
617 3623 710 3692 inter
734 3646 770 3692 se
789 3619 987 3718 disceptent
1008 3617 1080 3690 suis
1098 3615 1243 3714 legibus.

241 3748 354 3823 Breve
387 3764 504 3824 autern
542 3746 697 3822 edietum
730 3761 783 3820 est
814 3760 961 3847 propter
998 3744 1090 3815 hanc
1129 3769 1245 3815 meam

244 3879 408 3978 διαίρεσιν,
447 3879 543 3979 quod
569 3875 707 3951 duobus
740 3873 922 3974 generibus
949 3870 1160 3944 edicendum
1186 3898 1250 3972 pu-
