2626 4854
166 402 232 454 212
495 394 664 451 nemroth
690 395 828 442 ccxctlt.
946 393 977 442 A.
992 397 1028 444 V.
1047 396 1076 442 C.
1094 396 1140 457 703
1168 442 1174 467 ,

49 570 52 574 .
159 515 200 575 ut
224 501 319 581 nosti
346 508 399 586 (et
425 498 534 596 addo,
559 500 586 570 si
613 497 815 599 quidvis),
846 496 1001 596 probum
1019 499 1052 578 8;
1078 499 1163 577 nihil

158 625 232 698 vidi
257 624 390 697 melius.
407 627 530 725 Itaque
556 651 658 696 careo
685 651 794 722 aegre.
813 623 1039 724 Quamquam
1066 624 1161 696 vide-

157 751 262 834 batur
282 777 407 824 senon
427 752 578 855 graviter
594 749 741 848 habere,
758 765 876 829 tamen
894 777 971 829 sum
990 750 1163 853 solicitus,

157 880 414 977 maximamque
438 904 537 978 spem
566 877 680 955 haheo
711 879 748 949 in
773 873 828 950 M?
846 877 942 950 Curii
969 877 1161 979 diligentia,

158 1003 213 1076 de·
228 1031 296 1104 qua
321 1003 367 1076 ad
393 1030 449 1076 me
475 1005 615 1103 scripsit
639 1004 745 1101 Tiro,
771 1002 926 1074 etmulti
946 1005 1158 1077 nuntiamnt.

38 1146 41 1157 '
157 1132 283 1204 Curius
310 1142 426 1202 autem
451 1131 527 1229 ipse
553 1130 683 1226 sensit,
709 1155 813 1229 quam
840 1143 877 1200 tu
905 1128 1014 1201 velles
1040 1156 1079 1202 se
1104 1148 1121 1201 9
1142 1157 1158 1203 a

67 1235 73 1244 .
156 1283 214 1333 mc
241 1256 354 1354 diligi,
379 1270 415 1328 et
440 1282 483 1329 eo
501 1283 578 1329 sum
597 1254 789 1328 admodum
808 1254 1011 1328 delectatus.
1030 1259 1081 1329 Et
1097 1283 1165 1329 me«

156 1382 297 1456 hercule
315 1397 377 1482 est,
394 1410 498 1484 quem
515 1382 614 1455 facilc
633 1360 773 1482 diligas;
790 1386 951 1475 αὐτόχθων
967 1384 1005 1455 in
1022 1383 1157 1457 homino

156 1511 335 1583 urbanitas
360 1525 413 1582 est
434 1527 472 1582 ¹⁰.
498 1511 585 1583 Eius
611 1524 861 1583 testamentum
886 1510 1040 1611 deporto
1068 1513 1156 1584 Cice«

155 1663 281 1711 ronum
296 1639 401 1739 signis
414 1636 653 1736 obsignatum,
668 1637 893 1738 cohortisque
906 1639 1106 1737 praetoriae
1118 1653 1155 1708 ¹¹:

154 1761 237 1844 fecit
261 1762 379 1872 palam
404 1777 439 1834 te
469 1779 498 1812 ¹²
524 1789 566 1834 ex
591 1762 733 1861 libella,
765 1789 821 1835 me
855 1788 897 1835 ax
925 1765 1097 1842 teruncio.
1119 1765 1155 1835 In

154 1891 258 1963 Actio
284 1891 461 1989 Corcyrae
483 1893 512 1949 ¹³
538 1889 662 1974 Alexio
696 1917 752 1962 me
787 1891 933 1990 opipare
959 1905 1154 1963 muneratus

155 2030 216 2088 est.
235 2018 370 2110 Quinto
389 2019 551 2091 Ciceroni
570 2016 691 2096 obsisti
709 1991 782 2098 non
799 2016 933 2126 potuit,
958 2042 1030 2124 quo
1049 2018 1153 2097 minus

154 2142 345 2240 Thyamim
373 2143 402 2208 ¹4
430 2144 575 2217 videret.

204 2269 228 2360 4
253 2268 377 2342 Filiola
395 2282 455 2341 tua
473 2284 508 2344 te
527 2268 693 2341 delectari
709 2269 822 2343 laetor
832 2326 843 2368 ,
867 2284 904 2341 et
920 2269 1066 2370 probari
1080 2269 1151 2368 tihi,

154 2399 284 2478 φυσικὴν
309 2420 384 2467 esse
409 2401 463 2470 τὴν
487 2401 560 2492 πρός
586 2401 624 2464 τὰ
649 2405 736 2466 τέκνα
764 2397 803 2465 ¹5.
830 2395 991 2495 Etenim,
1018 2399 1049 2469 si
1072 2396 1150 2468 haec

153 2535 326 2622 nonest,
362 2521 457 2595 nulla
489 2535 609 2622 potest
640 2521 775 2594 homini
806 2546 882 2594 esse
908 2521 955 2594 ad
980 2521 1149 2601 hominem

152 2663 298 2722 naturae
325 2628 524 2748 adiunctio,
549 2677 616 2750 qua
635 2648 789 2747 sublata,
815 2649 909 2720 vitae
927 2650 1078 2722 societas
1095 2646 1149 2720 tol·

151 2776 243 2857 litor.
269 2779 365 2857 Bene
392 2777 531 2858 eveniat
552 2780 599 2874 ¹⁶,
632 2777 747 2876 inquit
774 2775 983 2857 Carneades.
1011 2776 1146 2876 Spurce:

152 2901 216 2973 sed
241 2917 358 2981 tamen
385 2903 593 3003 prudentius
613 2919 640 2971 ¹7
654 2959 664 3001 ,
690 2927 795 3002 quam
820 2902 952 2976 Lucius
979 2916 1099 2982 noster
1121 2911 1146 2971 et

152 3029 275 3099 Patro:
304 3031 377 3129 qui,
408 3056 514 3130 quum
533 3029 650 3100 omnia
670 3028 716 3099 ad
734 3054 770 3099 sc
788 3027 958 3150 referant,
983 3054 1050 3099 nec
1068 3027 1146 3128 quio

151 3181 256 3252 quam
283 3155 423 3228 alterius
450 3178 553 3226 causa
579 3156 655 3226 fieri
680 3167 807 3254 putent
833 3155 880 3252 ¹⁸,
914 3167 951 3225 et
985 3180 1091 3254 quum
1115 3176 1143 3225 aa

149 3306 187 3351 re
213 3280 346 3352 honum
373 3283 487 3354 virum
513 3294 678 3380 oportere
704 3307 779 3352 esse
806 3279 940 3378 dicant,
966 3305 1013 3351 ne
1030 3278 1141 3354 malum

149 3405 296 3506 haheat,
320 3433 394 3478 non
421 3433 490 3509 quo
516 3407 554 3478 id
580 3421 704 3478 natura
725 3419 859 3478 rectum
876 3406 924 3476 sit
942 3421 992 3505 ¹93
1017 3431 1087 3478 non
1103 3404 1140 3472 io*

149 3533 328 3632 tellignnt,
355 3560 390 3605 se
410 3535 453 3606 de
473 3533 599 3606 callido
617 3534 760 3615 homine
776 3532 892 3632 loqui,
908 3557 984 3604 non
1003 3532 1046 3602 de
1062 3531 1138 3601 hono

148 3661 236 3741 viro,
262 3660 332 3740 Sed
357 3660 461 3759 haec,
487 3661 630 3759 opinor,
655 3674 737 3732 sunt
762 3660 799 3738 in
816 3660 858 3731 iis
875 3658 975 3736 libris
994 3674 1042 3757 ²⁰,
1067 3673 1134 3756 qnos

149 3799 187 3864 tu
213 3785 411 3886 laudando,
437 3788 572 3866 animos
598 3785 685 3865 milri
713 3784 893 3864 addidisti,

200 3910 221 3992 5
247 3914 367 3993 Redeo
384 3914 430 3996 ad
447 3941 529 3994 rem,
548 3913 746 3994 Commodo
765 3929 794 3968 ²¹
814 3909 1061 4021 exspectabam
1078 3900 1133 4011 cpi·
1192 3930 1194 3969 t
