2626 4854
188 404 201 421 ⁶
274 325 347 402 266
638 340 911 397 Annonamonrs

314 450 437 534 Sulpitii
462 461 494 512 et
524 450 701 512 Postumiae
721 450 839 523 filium,
871 472 889 510 a
916 449 1048 510 Servilia
1077 455 1271 534 propositum.

314 562 427 621 Atticus
447 558 556 642 procul
576 558 671 619 dnbio
693 561 860 642 suspicatus
880 569 961 630 erat,
981 579 1146 640 generum,
1166 582 1185 620 a
1202 561 1272 621 Pon·

312 667 387 728 tidia
402 667 540 728 Ciceroni
560 668 768 749 propositum,
781 687 843 727 esse
858 667 891 726 C.
903 667 1102 737 Memmium:
1117 681 1224 751 postea
1234 692 1273 731 er-

312 795 384 836 rore
404 795 459 836 suo
480 784 632 846 correcto,
653 773 747 833 alium
767 794 837 833 cum
852 795 916 835 esse
930 777 1101 856 scripserat
1120 776 1200 835 Eam
1214 798 1272 837 cor·

312 885 477 944 rectionem
491 881 541 942 hic
552 881 658 942 Cicero
672 880 834 962 improbat.
849 881 884 941 ln
894 882 1024 964 epistola
1037 893 1142 943 tamen
1156 882 1271 968 CCL,9

310 989 450 1051 Servium
463 989 628 1071 Sulpitium
641 987 800 1072 probabat.
814 988 952 1070 Arfium,
972 989 1145 1071 adjutorem
1164 993 1268 1072 negotii

309 1095 528 1180 pertractandi,
547 1098 783 1178 interpretantur
801 1096 985 1176 Mongaltius
1003 1107 1034 1156 et
1047 1097 1156 1157 Mobil.
1169 1099 1267 1158 Melius

307 1205 485 1276 Ernestius‚
514 1224 640 1286 procum
667 1203 795 1263 Tulliae.
828 1202 889 1263 Sed
910 1203 1109 1264 conlectando
1137 1205 1267 1264 ludimus.

308 1312 431 1392 Alfium
443 1314 523 1372 enim
537 1310 627 1371 nemo
640 1313 741 1382 novit,
762 1321 792 1371 et
812 1310 906 1391 aliqui
920 1313 951 1369 in
967 1311 1083 1394 Alfium
1098 1311 1170 1394 (ep.
1181 1313 1267 1381 CLII,

310 1420 361 1497 3),
382 1418 433 1478 alii
458 1422 490 1478 in
513 1417 682 1498 Aufidium,
709 1418 822 1479 scilicet
843 1420 1033 1490 Lurconem,
1060 1429 1197 1490 mutant,
1222 1421 1266 1500 qui

307 1526 417 1586 Pisone
437 1535 468 1585 et
490 1526 618 1586 Messala
642 1546 717 1585 coss.
741 1524 882 1586 tribunus
902 1524 945 1607 pt.
965 1525 1033 1584 suit.

267 1634 306 1714 47
328 1631 406 1692 Cum
442 1620 564 1694 Ciliciae
598 1633 671 1694 olim
702 1633 886 1715 proconsule
925 1634 1019 1714 (epp.
1048 1632 1222 1692 CLXXXII
1241 1643 1265 1692 et

247 1798 252 1809 ,
308 1739 513 1821 CLXXXIII)
534 1760 597 1800 non
618 1738 831 1800 confundendi.

266 1846 307 1924 48
327 1849 409 1906 Tum
430 1851 462 1908 iu
482 1849 604 1928 negotio
625 1847 748 1907 Bursae.
770 1848 879 1927 Agitur
898 1857 1000 1906 autem
1018 1845 1057 1905 de
1078 1847 1117 1906 Τ.
1139 1848 1263 1906 Munatio

305 1955 420 2016 Planco
440 1955 537 2015 Bursa
560 1956 627 2037 (ep.
649 1953 824 2025 CLXXXI,
846 1955 881 2032 a)
903 1953 1057 2013 Ciceronis
1079 1955 1210 2013 inimico.

265 2062 306 2144 49
325 2063 477 2122 Furnium
508 2061 666 2122 tribunum
698 2061 740 2143 pl.
769 2061 837 2142 (ep.
858 2059 1002 2131 CCXIV,
1029 2062 1089 2140 a),
1122 2059 1261 2120 Ciceronis

305 2168 490 2240 studiosum,
511 2168 607 2249 legem
629 2170 740 2249 opinor
760 2166 1115 2228 tulisse-de.rect0r·1hus
1128 2178 1261 2228 transma-

305 2277 378 2335 rinis
407 2277 508 2354 (inter
539 2296 616 2356 quos
642 2276 750 2336 Cicero
771 2276 873 2356 erat),
903 2276 961 2335 nisi
981 2273 1118 2337 Parthus
1138 2284 1259 2335 moveret

303 2384 384 2442 intra
404 2381 573 2460 QuintiIem
593 2402 742 2454 mensem,
772 2402 825 2443 eos
851 2402 940 2465 posse
966 2381 1125 2443 decedere.
1154 2385 1194 2444 At
1212 2383 1257 2442 idi-

303 2509 394 2570 psum
415 2500 534 2570 tempus
557 2488 663 2550 Cicero
684 2489 831 2562 timebat,
854 2489 985 2571 ideoque
1005 2492 1211 2573 exceptionem
1229 2489 1255 2550 il·

304 2595 365 2654 larn
386 2598 512 2656 minime
532 2593 692 2678 probabat.
709 2597 842 2658 Volebat
861 2608 963 2658 autem
985 2600 1113 2658 omuino
1130 2598 1215 2669 ferri,
1231 2607 1254 2654 ut

303 2723 406 2762 annuo
433 2704 564 2785 imperio
589 2707 751 2764 terminato
778 2704 977 2774 decederent,
1009 2706 1095 2788 quod
1120 2709 1184 2789 ipse
1207 2725 1252 2765 non

303 2811 400 2890 magis
422 2809 493 2869 odio
514 2813 704 2893 provinciae,
726 2832 818 2892 quam
840 2811 1027 2873 Parthorum
1048 2826 1151 2887 metu,
1171 2815 1251 2896 cupie-

301 2913 363 2974 bat.
385 2915 503 2976 Manut.

264 3019 304 3080 50
324 3020 403 3080 Edd.
425 3043 542 3084 sorores
564 3044 633 3085 cum
654 3025 762 3085 Lamb.
781 3025 865 3108 quod
882 3027 978 3087 solum
998 3029 1057 3088 itte.

260 3125 296 3186 51
321 3128 486 3189 Revocavit
507 3130 538 3189 id
558 3154 593 3191 ex
612 3154 658 3214 pr.
673 3132 740 3192 edd.
754 3133 928 3206 Ernestius,
949 3146 979 3194 et
993 3149 1148 3218 reponunt
1165 3153 1247 3196 omnes

298 3244 426 3315 posterr.
448 3236 532 3296 Olim
554 3238 584 3298 in
604 3239 787 3324 Pompeium.

258 3337 297 3399 59.
318 3341 419 3414 Illud,
451 3345 564 3405 scilicet
590 3346 718 3407 verbum
748 3347 996 3421 dissimulantem,
1026 3351 1114 3432 quod
1134 3349 1243 3414 tribuisti

296 3447 455 3531 Pompeio,
479 3454 555 3512 Ante
576 3453 702 3536 Malasp.
724 3467 755 3515 et
774 3456 899 3516 Bosium
921 3457 1002 3517 male
1022 3459 1108 3518 illum
1128 3459 1221 3519 drntn.
1301 3496 1303 3523 :

258 3554 297 3614 53
321 3555 388 3615 Hoc
408 3570 468 3632 est,
489 3580 530 3620 ex
551 3575 700 3646 tempore,
722 3566 804 3634 sive,
837 3563 1014 3644 negligenter
1032 3568 1204 3627 scribentem.
1220 3559 1240 3617 Si
1301 3560 1303 3565 ’

295 3663 372 3723 ordo
393 3686 479 3726 meus
500 3669 532 3726 in
553 3667 712 3729 scribendo
734 3670 891 3750 aliquanto
912 3670 1111 3753 perturbatus
1132 3679 1239 3743 est‚t1¹³
1299 3696 1303 3723 ⁴

296 3780 340 3830 est
362 3771 470 3854 culpa3
490 3794 525 3833 ex
546 3786 576 3835 te
597 3778 676 3835 enim
700 3777 846 3859 quicquid
867 3783 899 3837 in
919 3790 1005 3840 tuam
1029 3792 1159 3842 mentem
1179 3775 1237 3839 reni!

299 3875 462 3952 scribente,
483 3879 542 3941 hoc
562 3881 661 3944 didici.
