2626 4854
153 347 225 448 294
516 361 787 413 nuuornrrones

189 478 304 554 quanta
322 464 490 551 populana.
515 464 648 526 Tandem
677 463 727 525 hic
758 463 878 546 egregie
902 461 972 526 linit
993 484 1151 527 enumera-

190 578 304 636 tionem
324 575 478 635 rationum
497 574 560 634 sive
586 571 839 643 domesticarum,
860 572 924 632 sive
942 571 1153 654 popularium,

190 681 250 743 hoc
270 690 315 743 est
333 679 541 763 publicam,
575 677 687 762 quibus
713 698 745 738 se
772 698 790 738 a
823 676 943 738 fallacia
969 689 1002 739 et
1028 678 1152 762 perfidia

189 798 302 872 purgat
321 786 437 850 Cicero.
453 785 577 870 Quanta
597 796 699 847 autem
713 784 773 846 hoc
787 784 856 846 loco
869 783 958 845 nihili
979 795 1042 859 est,
1062 808 1151 869 quum

191 897 291 956 statim
312 895 392 956 inira
410 893 450 956 de
469 894 616 955 universis
636 890 807 954 rationibus
827 893 892 954 sive
911 892 1065 976 privatis,
1096 895 1150 954 sive

191 1000 321 1083 publicis
341 1000 421 1062 dicat
443 1011 504 1062 lam
523 1000 630 1073 multa,
652 1010 743 1082 atque
763 1010 855 1059 ianm.

152 1109 189 1189 37
212 1106 380 1169 Confirmat
399 1106 479 1179 hoc,
508 1105 591 1189 quod
611 1109 729 1188 scripsit
750 1104 870 1165 Caelius
889 1124 938 1187 ep.
959 1103 1116 1177 CCXLll,
1130 1125 1149 1176 1,

191 1225 222 1274 et
241 1213 351 1275 clarius
371 1213 477 1274 Cicero
498 1234 556 1296 pro
577 1212 726 1273 Gabinio:
754 1213 820 1293 Ego
847 1232 940 1295 quum
958 1232 1064 1273 omnes
1081 1212 1147 1293 anri·

190 1321 273 1381 ciens
293 1317 418 1380 tuendas
430 1339 548 1402 semper
557 1322 663 1401 putavi
675 1338 791 1379 summa
804 1318 944 1400 religione
958 1318 1078 1400 etfide,
1098 1330 1148 1378 nin

190 1447 242 1486 eas
261 1428 407 1500 maxime,
426 1445 503 1511 quae
523 1439 618 1487 essent
636 1446 678 1487 ex
698 1425 850 1487 tuncino
869 1437 1027 1487 maeatae
1047 1428 1147 1507 inegra-

192 1535 279 1606 tiam5
300 1548 461 1616 propterea
479 1533 562 1619 quod
586 1535 703 1615 integris
721 1532 855 1594 amicitia
873 1531 1008 1616 officium
1024 1544 1148 1615 proeter-

190 1641 324 1714 missum,
344 1641 574 1725 inprudentiae,
594 1641 658 1722 vel,
678 1642 836 1723 nigrantes
848 1641 1093 1724 interpretem,
1109 1661 1149 1700 ne·

188 1747 342 1826 gligentiae
361 1750 552 1809 excusatione
565 1747 749 1830 deflenditur:
766 1758 837 1830 post
850 1745 979 1809 nclitum
990 1748 1022 1808 in
1034 1747 1149 1827 gram

190 1852 368 1936 siquiden
387 1857 586 1928 cummim,
606 1853 641 1916 id
659 1875 719 1916 non
739 1854 925 1935 neglectum,
944 1853 1001 1915 sed
1020 1855 1149 1916 mnan

187 1972 328 2042 pretatur,
347 1982 400 2022 nec
420 1961 649 2043 rinpnadentiae,
668 1960 723 2022 sed
739 1959 884 2045 perfidiae
909 1961 1061 2042 assignari
1076 1959 1148 2023 solet.

191 2067 307 2129 Manut
322 2068 507 2151 Antplisn'mi
515 2067 695 2141 Saeculotii,
707 2071 854 2130 nimirum
867 2078 1049 2150 auguratus.
1063 2066 1147 2129 Iden

152 2163 191 2228 38
212 2165 393 2228 Gebhardus
413 2190 448 2229 ex
470 2171 604 2251 quinque
624 2162 748 2229 Palatt.
752 2168 870 2252 optati,
890 2166 976 2318 (pund
996 2177 1079 2230 recte
1097 2168 1148 2227 iam

191 2273 340 2334 Graevius
360 2274 556 2358 improbavit.

152 2376 191 2460 39
211 2378 258 2439 Ab
278 2381 395 2458 exsili03
424 2382 463 2443 de
494 2402 556 2464 quo
577 2403 645 2466 epp.
666 2403 686 2443 a
704 2381 778 2446 Llll
809 2380 848 2442 ad
878 2310 1058 2446 LXXXVI.
1087 2381 1148 2440 Res.

190 2495 221 2546 et
240 2487 286 2548 ed.
307 2487 386 2549 Med.
407 2491 547 2551 restituta.
569 2489 642 2550 Mox
654 2488 717 2551 duo
730 2487 841 2550 Ambb.
855 2488 1008 2571 quaefin't
1021 2506 1149 2570 tanquam

191 2595 223 2653 in
242 2597 380 2656 amicitia.
712 2650 715 2656 .

150 2701 190 2780 4ο
210 2701 330 2776 Placet,
362 2702 517 2786 quomodo
538 2715 583 2764 est
610 2706 643 2764 in
672 2714 804 2786 qrratuor
831 2701 943 2763 Ambb.
978 2701 1104 2783 aliisque
1126 2710 1151 2761 et

176 2811 221 2871 eiu
241 2809 308 2870 edd.
329 2813 435 2893 priscis
454 2812 482 2870 si
499 2811 573 2872 ulla.
606 2810 700 2889 Quod
727 2810 820 2891 vulgo
846 2807 966 2882 editur,
997 2808 1086 2869 nihili
1105 2817 1150 2868 est

189 2910 371 2977 Emendavit
390 2929 460 3000 post
479 2918 791 2999 Mamm-lagonam
812 2914 974 2977 Schiitzius
995 2915 1112 2982 sintin

149 3020 184 3095 41
211 3020 479 3096 subaudiendum,
500 3045 592 3107 quam
615 3045 671 3108 per
691 3045 750 3085 me.

149 3127 188 3201 42
211 3127 276 3186 Reo
305 3127 346 3187 ob
377 3151 482 3190 necem
509 3132 544 3192 P.
568 3130 674 3193 Clodii.
696 3132 812 3192 Manat.
838 3128 910 3190 Mox
938 3129 1067 3191 Gruteri
1094 3126 1151 3189 eod.

188 3233 392 3296 adventante.
402 3237 516 3299 Ambb.
531 3239 634 3321 plures
645 3237 851 3299 adversantem
860 3280 871 3310 ,
890 3247 1063 3317 utrumque
1074 3247 1150 3297 recte.

148 3338 188 3417 43
210 3342 292 3419 Quia
306 3347 436 3426 suspicio
450 3346 529 3419 fuit,
551 3346 704 3408 Ciceronis
719 3344 842 3406 consilio
856 3343 1003 3403 Clodium
1019 3343 1152 3427 assMilone

187 3449 393 3526 interfectum,
414 3453 508 3536 idque
527 3454 659 3515 Plancus
679 3465 710 3514 et
731 3453 770 3531 Q.
791 3451 958 3534 Pompeius
984 3451 1099 3512 tribuni
1117 3449 1150 3533 pt

187 3555 333 3620 seditiosis
360 3559 558 3622 concionibus
590 3561 772 3643 persuadere
804 3559 920 3641 populo
951 3562 1054 3621 conati
1081 3566 1147 3619 sunt.

186 3659 304 3726 Manat.
318 3666 491 3740 Ernestius‚
511 3670 677 3741 Graevius,
690 3667 803 3748 aliique
827 3668 1010 3729 vetustiores
1030 3688 1068 3729 ne
1080 3683 1145 3749 quac

104 3856 107 3861 ¹
186 3771 313 3845 invidia,
334 3787 438 3836 contra
464 3775 574 3849 libros,
595 3787 625 3836 et
651 3776 798 3835 latinitate
819 3795 879 3834 non
901 3785 997 3834 recta.

147 3873 188 3951 44
207 3876 379 3941 Exercitum
405 3903 442 3943 eo
470 3892 609 3964 tempore
641 3882 806 3963 Pompeius
826 3881 858 3939 in
878 3878 959 3940 urbe
971 3879 1097 3950 habuit,
1114 3895 1141 3934 re

188 3983 261 4063 quid
282 4006 329 4048 res
350 3987 435 4070 publ.
455 3992 482 4052 ci
504 3993 664 4052 commissa
686 3988 861 4053 detrimenti
882 3997 1015 4069 caperet.
1037 3985 1136 4047 Manu
