<?xml version="1.0" encoding="UTF-8"?>
<!DOCTYPE html PUBLIC "-//W3C//DTD XHTML 1.0 Transitional//EN"
    "http://www.w3.org/TR/xhtml1/DTD/xhtml1-transitional.dtd">
<html xmlns="http://www.w3.org/1999/xhtml" xml:lang="en" lang="en">
 <head>
  <title>
</title>
<meta http-equiv="Content-Type" content="text/html;charset=utf-8" />
  <meta name='ocr-system' content='tesseract 3.04.00' />
  <meta name='ocr-capabilities' content='ocr_page ocr_carea ocr_par ocr_line ocrx_word'/>
</head>
<body>
  <div class='ocr_page' id='page_1' title='image "./mtulliiciceroni59cicegoog/mtulliiciceroni59cicegoog_0115.png"; bbox 0 0 2626 4854; ppageno 0'>
   <div class='ocr_carea' id='block_1_1' title="bbox 281 325 1252 408">
    <p class='ocr_par' dir='ltr' id='par_1_1' title="bbox 281 325 1252 408">
     <span class='ocr_line' id='line_1_1' title="bbox 281 325 1252 408; baseline -0.001 -15"><span class='ocrx_word' id='word_1_1' title='bbox 281 325 347 397; x_wconf 86' lang='grc'>118</span> <span class='ocrx_word' id='word_1_2' title='bbox 602 347 773 398; x_wconf 78' lang='grc'>11111111</span> <span class='ocrx_word' id='word_1_3' title='bbox 797 346 933 394; x_wconf 77' lang='lat' dir='ltr'>ccaxvr.</span> <span class='ocrx_word' id='word_1_4' title='bbox 1053 342 1085 391; x_wconf 79' lang='grc'>1.</span> <span class='ocrx_word' id='word_1_5' title='bbox 1098 345 1133 394; x_wconf 82' lang='lat' dir='ltr'>v.</span> <span class='ocrx_word' id='word_1_6' title='bbox 1153 343 1183 392; x_wconf 81' lang='lat' dir='ltr'>c</span> <span class='ocrx_word' id='word_1_7' title='bbox 1202 335 1252 408; x_wconf 69' lang='lat'>703</span> 
     </span>
    </p>
   </div>
   <div class='ocr_carea' id='block_1_2' title="bbox 443 543 1109 612">
    <p class='ocr_par' dir='ltr' id='par_1_2' title="bbox 443 543 1109 612">
     <span class='ocr_line' id='line_1_2' title="bbox 443 543 1109 612; baseline 0 -14"><span class='ocrx_word' id='word_1_8' title='bbox 443 546 496 598; x_wconf 83' lang='lat' dir='ltr'>Sur.</span> <span class='ocrx_word' id='word_1_9' title='bbox 515 545 610 598; x_wconf 78' lang='lat' dir='ltr'>bornae</span> <span class='ocrx_word' id='word_1_10' title='bbox 627 549 659 598; x_wconf 87' lang='grc' dir='ltr'>Δ.</span> <span class='ocrx_word' id='word_1_11' title='bbox 677 547 712 600; x_wconf 86' lang='lat' dir='ltr'>V.</span> <span class='ocrx_word' id='word_1_12' title='bbox 730 545 759 599; x_wconf 88' lang='lat' dir='ltr'>C.</span> <span class='ocrx_word' id='word_1_13' title='bbox 778 544 902 612; x_wconf 78' lang='lat' dir='ltr'>occul,</span> <span class='ocrx_word' id='word_1_14' title='bbox 919 560 1006 598; x_wconf 84' lang='lat' dir='ltr'>mense</span> <span class='ocrx_word' id='word_1_15' title='bbox 1024 543 1109 598; x_wconf 88' lang='lat' dir='ltr'>lunio.</span> 
     </span>
    </p>
   </div>
   <div class='ocr_carea' id='block_1_3' title="bbox 274 743 1173 809">
    <p class='ocr_par' dir='ltr' id='par_1_3' title="bbox 274 743 1173 809">
     <span class='ocr_line' id='line_1_3' title="bbox 274 743 1173 809; baseline -0.002 -1"><span class='ocrx_word' id='word_1_16' title='bbox 274 779 279 790; x_wconf 92' lang='lat'><strong>·</strong></span> <span class='ocrx_word' id='word_1_17' title='bbox 374 745 417 808; x_wconf 89' lang='grc' dir='ltr'>Μ.</span> <span class='ocrx_word' id='word_1_18' title='bbox 443 744 549 809; x_wconf 79' lang='lat' dir='ltr'>CATO</span> <span class='ocrx_word' id='word_1_19' title='bbox 573 744 616 806; x_wconf 90' lang='grc' dir='ltr'>Μ.</span> <span class='ocrx_word' id='word_1_20' title='bbox 641 745 677 808; x_wconf 90' lang='grc' dir='ltr'>Τ.</span> <span class='ocrx_word' id='word_1_21' title='bbox 701 743 890 809; x_wconf 85' lang='lat' dir='ltr'>CICERONI</span> <span class='ocrx_word' id='word_1_22' title='bbox 913 743 995 808; x_wconf 89' lang='lat' dir='ltr'>lMP.</span> <span class='ocrx_word' id='word_1_23' title='bbox 1020 743 1051 806; x_wconf 85' lang='lat' dir='ltr'>S.</span> <span class='ocrx_word' id='word_1_24' title='bbox 1075 743 1109 806; x_wconf 88' lang='lat' dir='ltr'>P.</span> <span class='ocrx_word' id='word_1_25' title='bbox 1134 744 1173 807; x_wconf 88' lang='lat' dir='ltr'>D.</span> 
     </span>
    </p>
   </div>
   <div class='ocr_carea' id='block_1_4' title="bbox 173 947 1272 3064">
    <p class='ocr_par' dir='ltr' id='par_1_4' title="bbox 173 947 1272 2056">
     <span class='ocr_line' id='line_1_4' title="bbox 321 947 1271 1048; baseline 0.003 -27"><span class='ocrx_word' id='word_1_26' title='bbox 321 947 429 1041; x_wconf 92' lang='lat' dir='ltr'>Quod</span> <span class='ocrx_word' id='word_1_27' title='bbox 454 963 491 1021; x_wconf 92' lang='lat' dir='ltr'>et</span> <span class='ocrx_word' id='word_1_28' title='bbox 506 975 560 1022; x_wconf 88' lang='lat' dir='ltr'>res</span> <span class='ocrx_word' id='word_1_29' title='bbox 578 947 721 1048; x_wconf 88' lang='lat' dir='ltr'>publica</span> <span class='ocrx_word' id='word_1_30' title='bbox 736 974 811 1048; x_wconf 91' lang='lat' dir='ltr'>me,</span> <span class='ocrx_word' id='word_1_31' title='bbox 828 961 865 1022; x_wconf 90' lang='lat' dir='ltr'>et</span> <span class='ocrx_word' id='word_1_32' title='bbox 880 961 1001 1022; x_wconf 87' lang='lat' dir='ltr'>nostra</span> <span class='ocrx_word' id='word_1_33' title='bbox 1016 949 1173 1023; x_wconf 89' lang='lat' dir='ltr'>amicitia</span> <span class='ocrx_word' id='word_1_34' title='bbox 1190 948 1271 1024; x_wconf 82' lang='lat' dir='ltr'>boe·</span> 
     </span>
     <span class='ocr_line' id='line_1_5' title="bbox 271 1074 1272 1174; baseline 0.003 -28"><span class='ocrx_word' id='word_1_35' title='bbox 271 1087 382 1174; x_wconf 89' lang='lat' dir='ltr'>tatur,</span> <span class='ocrx_word' id='word_1_36' title='bbox 405 1074 555 1147; x_wconf 78' lang='lat' dir='ltr'>libenter</span> <span class='ocrx_word' id='word_1_37' title='bbox 580 1074 687 1174; x_wconf 87' lang='lat' dir='ltr'>facio,</span> <span class='ocrx_word' id='word_1_38' title='bbox 709 1088 750 1147; x_wconf 93' lang='lat' dir='ltr'>ut</span> <span class='ocrx_word' id='word_1_39' title='bbox 776 1088 873 1147; x_wconf 90' lang='lat' dir='ltr'>tuam</span> <span class='ocrx_word' id='word_1_40' title='bbox 897 1074 1081 1174; x_wconf 81' lang='lat' dir='ltr'>virtutem,</span> <span class='ocrx_word' id='word_1_41' title='bbox 1105 1074 1272 1149; x_wconf 90' lang='lat' dir='ltr'>innocen-</span> 
     </span>
     <span class='ocr_line' id='line_1_6' title="bbox 270 1200 1272 1302; baseline 0 -30"><span class='ocrx_word' id='word_1_42' title='bbox 270 1200 367 1300; x_wconf 85' lang='lat' dir='ltr'>tiam,</span> <span class='ocrx_word' id='word_1_43' title='bbox 384 1200 600 1299; x_wconf 84' lang='lat' dir='ltr'>diligentiam</span> <span class='ocrx_word' id='word_1_44' title='bbox 617 1201 795 1298; x_wconf 84' lang='lat' dir='ltr'>cognitam</span> <span class='ocrx_word' id='word_1_45' title='bbox 812 1201 850 1272; x_wconf 92' lang='lat' dir='ltr'>in</span> <span class='ocrx_word' id='word_1_46' title='bbox 866 1201 1025 1275; x_wconf 82' lang='lat' dir='ltr'>maximis</span> <span class='ocrx_word' id='word_1_47' title='bbox 1041 1200 1157 1302; x_wconf 87' lang='lat' dir='ltr'>rebus,</span> <span class='ocrx_word' id='word_1_48' title='bbox 1174 1200 1272 1276; x_wconf 90' lang='lat' dir='ltr'>domi</span> 
     </span>
     <span class='ocr_line' id='line_1_7' title="bbox 270 1325 1269 1427; baseline 0.004 -30"><span class='ocrx_word' id='word_1_49' title='bbox 270 1327 381 1425; x_wconf 88' lang='lat' dir='ltr'>togati</span> <span class='ocrx_word' id='word_1_50' title='bbox 395 1343 418 1426; x_wconf 90' lang='lat'>¹,</span> <span class='ocrx_word' id='word_1_51' title='bbox 437 1327 561 1400; x_wconf 88' lang='lat' dir='ltr'>armati</span> <span class='ocrx_word' id='word_1_52' title='bbox 585 1327 684 1425; x_wconf 87' lang='lat' dir='ltr'>loris,</span> <span class='ocrx_word' id='word_1_53' title='bbox 709 1328 786 1427; x_wconf 91' lang='lat' dir='ltr'>pari</span> <span class='ocrx_word' id='word_1_54' title='bbox 813 1325 1269 1401; x_wconf 55' lang='grc' dir='ltr'>11111111111111111111111111ι</span> 
     </span>
     <span class='ocr_line' id='line_1_8' title="bbox 267 1451 1270 1556; baseline 0.004 -32"><span class='ocrx_word' id='word_1_55' title='bbox 267 1452 450 1552; x_wconf 83' lang='lat' dir='ltr'><strong>gaudeam.</strong></span> <span class='ocrx_word' id='word_1_56' title='bbox 474 1455 613 1554; x_wconf 89' lang='lat' dir='ltr'>Itaque,</span> <span class='ocrx_word' id='word_1_57' title='bbox 632 1452 730 1555; x_wconf 92' lang='lat' dir='ltr'>quod</span> <span class='ocrx_word' id='word_1_58' title='bbox 746 1478 813 1552; x_wconf 86' lang='lat' dir='ltr'>pro</span> <span class='ocrx_word' id='word_1_59' title='bbox 828 1478 908 1526; x_wconf 93' lang='lat' dir='ltr'>meo</span> <span class='ocrx_word' id='word_1_60' title='bbox 925 1451 1055 1526; x_wconf 90' lang='lat' dir='ltr'>iudicio</span> <span class='ocrx_word' id='word_1_61' title='bbox 1072 1452 1188 1528; x_wconf 85' lang='lat' dir='ltr'>facere</span> <span class='ocrx_word' id='word_1_62' title='bbox 1205 1479 1270 1556; x_wconf 92' lang='lat' dir='ltr'>po-</span> 
     </span>
     <span class='ocr_line' id='line_1_9' title="bbox 269 1578 1270 1682; baseline 0.004 -30"><span class='ocrx_word' id='word_1_63' title='bbox 269 1581 336 1678; x_wconf 89' lang='lat' dir='ltr'>tui,</span> <span class='ocrx_word' id='word_1_64' title='bbox 362 1593 402 1652; x_wconf 92' lang='lat' dir='ltr'>ut</span> <span class='ocrx_word' id='word_1_65' title='bbox 427 1581 627 1652; x_wconf 90' lang='lat' dir='ltr'>innocentia</span> <span class='ocrx_word' id='word_1_66' title='bbox 653 1579 870 1681; x_wconf 92' lang='lat' dir='ltr'>consilioque</span> <span class='ocrx_word' id='word_1_67' title='bbox 895 1593 958 1652; x_wconf 90' lang='lat' dir='ltr'>tuo</span> <span class='ocrx_word' id='word_1_68' title='bbox 984 1578 1164 1654; x_wconf 84' lang='lat' dir='ltr'>defensam</span> <span class='ocrx_word' id='word_1_69' title='bbox 1188 1607 1270 1682; x_wconf 88' lang='lat' dir='ltr'>pro·</span> 
     </span>
     <span class='ocr_line' id='line_1_10' title="bbox 269 1704 1269 1806; baseline 0 -26"><span class='ocrx_word' id='word_1_70' title='bbox 269 1705 436 1805; x_wconf 78' lang='lat' dir='ltr'>vinciam,</span> <span class='ocrx_word' id='word_1_71' title='bbox 462 1719 639 1778; x_wconf 90' lang='lat' dir='ltr'>servatum</span> <span class='ocrx_word' id='word_1_72' title='bbox 654 1704 904 1780; x_wconf 76' lang='lat' dir='ltr'>Ariobarzanis</span> <span class='ocrx_word' id='word_1_73' title='bbox 921 1705 1097 1806; x_wconf 84' lang='lat' dir='ltr'>cumipse</span> <span class='ocrx_word' id='word_1_74' title='bbox 1121 1733 1205 1804; x_wconf 88' lang='lat' dir='ltr'>rege</span> <span class='ocrx_word' id='word_1_75' title='bbox 1220 1733 1269 1780; x_wconf 90' lang='lat' dir='ltr'>re-</span> 
     </span>
     <span class='ocr_line' id='line_1_11' title="bbox 269 1829 1266 1934; baseline 0.002 -30"><span class='ocrx_word' id='word_1_76' title='bbox 269 1857 376 1930; x_wconf 84' lang='lat' dir='ltr'>gnum</span> <span class='ocrx_word' id='word_1_77' title='bbox 393 1833 418 1931; x_wconf 82' lang='lat'>³,</span> <span class='ocrx_word' id='word_1_78' title='bbox 443 1833 618 1905; x_wconf 91' lang='lat' dir='ltr'>sociorum</span> <span class='ocrx_word' id='word_1_79' title='bbox 643 1845 843 1906; x_wconf 86' lang='lat' dir='ltr'>revocatam</span> <span class='ocrx_word' id='word_1_80' title='bbox 868 1829 916 1903; x_wconf 89' lang='lat' dir='ltr'>ad</span> <span class='ocrx_word' id='word_1_81' title='bbox 939 1831 1095 1904; x_wconf 90' lang='lat' dir='ltr'>studium</span> <span class='ocrx_word' id='word_1_82' title='bbox 1126 1833 1266 1934; x_wconf 90' lang='lat' dir='ltr'>imperii</span> 
     </span>
     <span class='ocr_line' id='line_1_12' title="bbox 173 1956 1266 2056; baseline -0.001 -25"><span class='ocrx_word' id='word_1_83' title='bbox 173 2016 181 2031; x_wconf 74' lang='grc'><strong>.</strong></span> <span class='ocrx_word' id='word_1_84' title='bbox 267 1957 380 2029; x_wconf 85' lang='lat' dir='ltr'>nostri</span> <span class='ocrx_word' id='word_1_85' title='bbox 405 1956 642 2056; x_wconf 88' lang='lat' dir='ltr'>voluntatem,</span> <span class='ocrx_word' id='word_1_86' title='bbox 666 1959 839 2030; x_wconf 89' lang='lat' dir='ltr'>sententia</span> <span class='ocrx_word' id='word_1_87' title='bbox 863 1982 942 2031; x_wconf 92' lang='lat' dir='ltr'>mea</span> <span class='ocrx_word' id='word_1_88' title='bbox 967 1971 1003 2030; x_wconf 92' lang='lat' dir='ltr'>et</span> <span class='ocrx_word' id='word_1_89' title='bbox 1028 1957 1171 2033; x_wconf 88' lang='lat' dir='ltr'>decreto</span> <span class='ocrx_word' id='word_1_90' title='bbox 1195 1958 1266 2031; x_wconf 93' lang='lat' dir='ltr'>lau·</span> 
     </span>
    </p>

    <p class='ocr_par' dir='ltr' id='par_1_5' title="bbox 246 2081 1267 3064">
     <span class='ocr_line' id='line_1_13' title="bbox 268 2081 1266 2186; baseline 0.001 -30"><span class='ocrx_word' id='word_1_91' title='bbox 268 2081 389 2156; x_wconf 90' lang='lat' dir='ltr'>darem</span> <span class='ocrx_word' id='word_1_92' title='bbox 399 2083 426 2180; x_wconf 80' lang='grc'>4,</span> <span class='ocrx_word' id='word_1_93' title='bbox 442 2082 518 2155; x_wconf 87' lang='grc'>1111.</span> <span class='ocrx_word' id='word_1_94' title='bbox 544 2081 842 2183; x_wconf 78' lang='lat' dir='ltr'>supplicationem</span> <span class='ocrx_word' id='word_1_95' title='bbox 860 2081 1053 2184; x_wconf 91' lang='lat' dir='ltr'>decretam,</span> <span class='ocrx_word' id='word_1_96' title='bbox 1077 2085 1108 2156; x_wconf 91' lang='lat' dir='ltr'>si</span> <span class='ocrx_word' id='word_1_97' title='bbox 1124 2097 1183 2185; x_wconf 88' lang='lat' dir='ltr'>tu,</span> <span class='ocrx_word' id='word_1_98' title='bbox 1199 2110 1266 2186; x_wconf 88' lang='lat' dir='ltr'>qua</span> 
     </span>
     <span class='ocr_line' id='line_1_14' title="bbox 265 2207 1267 2311; baseline 0.003 -32"><span class='ocrx_word' id='word_1_99' title='bbox 265 2207 305 2311; x_wconf 87' lang='lat' dir='ltr'>in</span> <span class='ocrx_word' id='word_1_100' title='bbox 328 2233 366 2281; x_wconf 89' lang='lat' dir='ltr'>re</span> <span class='ocrx_word' id='word_1_101' title='bbox 391 2207 478 2280; x_wconf 91' lang='lat' dir='ltr'>nihil</span> <span class='ocrx_word' id='word_1_102' title='bbox 504 2207 666 2306; x_wconf 86' lang='lat' dir='ltr'>fortuito,</span> <span class='ocrx_word' id='word_1_103' title='bbox 692 2208 755 2282; x_wconf 91' lang='lat' dir='ltr'>sed</span> <span class='ocrx_word' id='word_1_104' title='bbox 785 2211 952 2282; x_wconf 87' lang='lat' dir='ltr'>summa⁵</span> <span class='ocrx_word' id='word_1_105' title='bbox 978 2222 1039 2281; x_wconf 88' lang='lat' dir='ltr'>tua</span> <span class='ocrx_word' id='word_1_106' title='bbox 1070 2210 1209 2284; x_wconf 89' lang='lat' dir='ltr'>ratione</span> <span class='ocrx_word' id='word_1_107' title='bbox 1232 2223 1267 2282; x_wconf 90' lang='lat' dir='ltr'>et</span> 
     </span>
     <span class='ocr_line' id='line_1_15' title="bbox 246 2332 1267 2434; baseline 0.006 -31"><span class='ocrx_word' id='word_1_108' title='bbox 246 2332 486 2405; x_wconf 42' lang='lat' dir='ltr'>‘continentia</span> <span class='ocrx_word' id='word_1_109' title='bbox 514 2335 564 2407; x_wconf 89' lang='lat' dir='ltr'>rei</span> <span class='ocrx_word' id='word_1_110' title='bbox 595 2332 755 2434; x_wconf 88' lang='lat' dir='ltr'>publicae</span> <span class='ocrx_word' id='word_1_111' title='bbox 787 2334 970 2434; x_wconf 85' lang='lat' dir='ltr'>provisum</span> <span class='ocrx_word' id='word_1_112' title='bbox 1000 2348 1072 2434; x_wconf 89' lang='lat' dir='ltr'>est,</span> <span class='ocrx_word' id='word_1_113' title='bbox 1104 2333 1172 2408; x_wconf 93' lang='lat' dir='ltr'>diis</span> <span class='ocrx_word' id='word_1_114' title='bbox 1203 2336 1267 2408; x_wconf 93' lang='lat' dir='ltr'>im·</span> 
     </span>
     <span class='ocr_line' id='line_1_16' title="bbox 263 2457 1267 2561; baseline 0.004 -31"><span class='ocrx_word' id='word_1_115' title='bbox 263 2457 472 2531; x_wconf 88' lang='lat' dir='ltr'>mortalibus</span> <span class='ocrx_word' id='word_1_116' title='bbox 502 2459 666 2557; x_wconf 87' lang='lat' dir='ltr'>gratulari</span> <span class='ocrx_word' id='word_1_117' title='bbox 689 2486 770 2559; x_wconf 90' lang='lat' dir='ltr'>uos,</span> <span class='ocrx_word' id='word_1_118' title='bbox 795 2486 900 2561; x_wconf 93' lang='lat' dir='ltr'>quam</span> <span class='ocrx_word' id='word_1_119' title='bbox 924 2460 988 2533; x_wconf 90' lang='lat' dir='ltr'>tibi</span> <span class='ocrx_word' id='word_1_120' title='bbox 1017 2461 1144 2534; x_wconf 80' lang='lat' dir='ltr'>referre</span> <span class='ocrx_word' id='word_1_121' title='bbox 1169 2485 1267 2534; x_wconf 81' lang='lat' dir='ltr'>acce·</span> 
     </span>
     <span class='ocr_line' id='line_1_17' title="bbox 266 2584 1267 2686; baseline 0.005 -31"><span class='ocrx_word' id='word_1_122' title='bbox 266 2596 368 2684; x_wconf 94' lang='lat' dir='ltr'>ptum</span> <span class='ocrx_word' id='word_1_123' title='bbox 393 2586 521 2685; x_wconf 88' lang='lat' dir='ltr'>mavis,</span> <span class='ocrx_word' id='word_1_124' title='bbox 548 2586 681 2683; x_wconf 83' lang='lat' dir='ltr'>gaudeo</span> <span class='ocrx_word' id='word_1_125' title='bbox 699 2590 723 2657; x_wconf 85' lang='lat'>⁶.</span> <span class='ocrx_word' id='word_1_126' title='bbox 743 2586 851 2678; x_wconf 91' lang='lat' dir='ltr'>Quod</span> <span class='ocrx_word' id='word_1_127' title='bbox 872 2588 905 2660; x_wconf 75' lang='lat' dir='ltr'>‘si</span> <span class='ocrx_word' id='word_1_128' title='bbox 929 2584 1096 2686; x_wconf 87' lang='lat' dir='ltr'>triumphi</span> <span class='ocrx_word' id='word_1_129' title='bbox 1122 2611 1267 2686; x_wconf 87' lang='lat' dir='ltr'>praero-</span> 
     </span>
     <span class='ocr_line' id='line_1_18' title="bbox 259 2693 1264 2812; baseline 0.002 -30"><span class='ocrx_word' id='word_1_130' title='bbox 259 2693 420 2809; x_wconf 84' lang='lat' dir='ltr'>gativam</span> <span class='ocrx_word' id='word_1_131' title='bbox 445 2727 549 2811; x_wconf 89' lang='lat' dir='ltr'>putas</span> <span class='ocrx_word' id='word_1_132' title='bbox 576 2711 869 2812; x_wconf 88' lang='lat' dir='ltr'>supplicationem</span> <span class='ocrx_word' id='word_1_133' title='bbox 887 2733 914 2811; x_wconf 78' lang='lat'>⁷,</span> <span class='ocrx_word' id='word_1_134' title='bbox 940 2727 975 2784; x_wconf 95' lang='lat' dir='ltr'>et</span> <span class='ocrx_word' id='word_1_135' title='bbox 998 2712 1127 2785; x_wconf 90' lang='lat' dir='ltr'>iccirco</span> <span class='ocrx_word' id='word_1_136' title='bbox 1145 2738 1264 2784; x_wconf 90' lang='lat' dir='ltr'>casum</span> 
     </span>
     <span class='ocr_line' id='line_1_19' title="bbox 266 2837 1266 2938; baseline 0.004 -32"><span class='ocrx_word' id='word_1_137' title='bbox 266 2837 403 2935; x_wconf 90' lang='lat' dir='ltr'>potius,</span> <span class='ocrx_word' id='word_1_138' title='bbox 428 2865 533 2936; x_wconf 89' lang='lat' dir='ltr'>quam</span> <span class='ocrx_word' id='word_1_139' title='bbox 559 2851 593 2910; x_wconf 92' lang='lat' dir='ltr'>te</span> <span class='ocrx_word' id='word_1_140' title='bbox 617 2837 752 2910; x_wconf 88' lang='lat' dir='ltr'>laudari</span> <span class='ocrx_word' id='word_1_141' title='bbox 784 2840 911 2911; x_wconf 90' lang='lat' dir='ltr'>mavis:</span> <span class='ocrx_word' id='word_1_142' title='bbox 944 2863 1056 2938; x_wconf 89' lang='lat' dir='ltr'>neque</span> <span class='ocrx_word' id='word_1_143' title='bbox 1090 2837 1266 2938; x_wconf 90' lang='lat' dir='ltr'>supplica·</span> 
     </span>
     <span class='ocr_line' id='line_1_20' title="bbox 266 2961 1263 3064; baseline 0.008 -35"><span class='ocrx_word' id='word_1_144' title='bbox 266 2961 401 3032; x_wconf 88' lang='lat' dir='ltr'>tionem</span> <span class='ocrx_word' id='word_1_145' title='bbox 429 2964 584 3063; x_wconf 91' lang='lat' dir='ltr'>sequitur</span> <span class='ocrx_word' id='word_1_146' title='bbox 603 2991 740 3064; x_wconf 88' lang='lat' dir='ltr'>semper</span> <span class='ocrx_word' id='word_1_147' title='bbox 758 2963 956 3064; x_wconf 91' lang='lat' dir='ltr'>triumphus</span> <span class='ocrx_word' id='word_1_148' title='bbox 973 2964 1000 3062; x_wconf 78' lang='lat'>⁸,</span> <span class='ocrx_word' id='word_1_149' title='bbox 1023 2977 1059 3036; x_wconf 89' lang='lat' dir='ltr'>et</span> <span class='ocrx_word' id='word_1_150' title='bbox 1084 2963 1263 3064; x_wconf 84' lang='lat' dir='ltr'>triumpho</span> 
     </span>
    </p>
   </div>
   <div class='ocr_carea' id='block_1_5' title="bbox 266 3083 1278 3189">
    <p class='ocr_par' dir='ltr' id='par_1_6' title="bbox 266 3083 1278 3189">
     <span class='ocr_line' id='line_1_21' title="bbox 266 3083 1278 3189; baseline 0.01 -35"><span class='ocrx_word' id='word_1_151' title='bbox 266 3083 380 3158; x_wconf 89' lang='lat' dir='ltr'>multo</span> <span class='ocrx_word' id='word_1_152' title='bbox 400 3087 525 3161; x_wconf 89' lang='lat' dir='ltr'>clarius</span> <span class='ocrx_word' id='word_1_153' title='bbox 551 3103 621 3188; x_wconf 92' lang='lat' dir='ltr'>est,</span> <span class='ocrx_word' id='word_1_154' title='bbox 646 3104 805 3162; x_wconf 87' lang='lat' dir='ltr'>senatum</span> <span class='ocrx_word' id='word_1_155' title='bbox 831 3089 1000 3189; x_wconf 88' lang='lat' dir='ltr'>iudicare,</span> <span class='ocrx_word' id='word_1_156' title='bbox 1024 3091 1146 3189; x_wconf 93' lang='lat' dir='ltr'>potius</span> <span class='ocrx_word' id='word_1_157' title='bbox 1172 3117 1278 3164; x_wconf 91' lang='lat' dir='ltr'>man-</span> 
     </span>
    </p>
   </div>
   <div class='ocr_carea' id='block_1_6' title="bbox 209 3211 1272 3949">
    <p class='ocr_par' dir='ltr' id='par_1_7' title="bbox 209 3211 1272 3949">
     <span class='ocr_line' id='line_1_22' title="bbox 267 3211 1272 3315; baseline 0.01 -35"><span class='ocrx_word' id='word_1_158' title='bbox 267 3211 450 3285; x_wconf 86' lang='lat' dir='ltr'>suetudine</span> <span class='ocrx_word' id='word_1_159' title='bbox 477 3227 512 3286; x_wconf 89' lang='lat' dir='ltr'>et</span> <span class='ocrx_word' id='word_1_160' title='bbox 536 3217 736 3288; x_wconf 91' lang='lat' dir='ltr'>innocentia</span> <span class='ocrx_word' id='word_1_161' title='bbox 760 3217 998 3315; x_wconf 85' lang='lat' dir='ltr'>imperatoris,</span> <span class='ocrx_word' id='word_1_162' title='bbox 1022 3217 1272 3315; x_wconf 89' lang='lat' dir='ltr'>provinciam,</span> 
     </span>
     <span class='ocr_line' id='line_1_23' title="bbox 269 3340 1270 3441; baseline 0.01 -35"><span class='ocrx_word' id='word_1_163' title='bbox 269 3363 376 3437; x_wconf 91' lang='lat' dir='ltr'>quam</span> <span class='ocrx_word' id='word_1_164' title='bbox 401 3341 437 3412; x_wconf 93' lang='lat' dir='ltr'>vi</span> <span class='ocrx_word' id='word_1_165' title='bbox 461 3341 629 3441; x_wconf 87' lang='lat' dir='ltr'>militurn,</span> <span class='ocrx_word' id='word_1_166' title='bbox 655 3355 715 3416; x_wconf 90' lang='lat' dir='ltr'>aut</span> <span class='ocrx_word' id='word_1_167' title='bbox 738 3342 953 3440; x_wconf 87' lang='lat' dir='ltr'>benignitate</span> <span class='ocrx_word' id='word_1_168' title='bbox 978 3340 1127 3414; x_wconf 92' lang='lat' dir='ltr'>deorum</span> <span class='ocrx_word' id='word_1_169' title='bbox 1154 3357 1270 3416; x_wconf 85' lang='lat' dir='ltr'>reten-</span> 
     </span>
     <span class='ocr_line' id='line_1_24' title="bbox 209 3467 1263 3568; baseline 0 -25"><span class='ocrx_word' id='word_1_170' title='bbox 209 3506 212 3509; x_wconf 92' lang='lat'>·</span> <span class='ocrx_word' id='word_1_171' title='bbox 266 3475 342 3543; x_wconf 68' lang='lat' dir='ltr'>‚tam</span> <span class='ocrx_word' id='word_1_172' title='bbox 367 3480 470 3567; x_wconf 88' lang='lat' dir='ltr'>atque</span> <span class='ocrx_word' id='word_1_173' title='bbox 496 3482 738 3542; x_wconf 84' lang='lat' dir='ltr'>conservatam</span> <span class='ocrx_word' id='word_1_174' title='bbox 756 3495 845 3540; x_wconf 86' lang='lat' dir='ltr'>esse:</span> <span class='ocrx_word' id='word_1_175' title='bbox 871 3467 968 3568; x_wconf 88' lang='lat' dir='ltr'>quod</span> <span class='ocrx_word' id='word_1_176' title='bbox 992 3493 1163 3567; x_wconf 85' lang='lat' dir='ltr'>egomea</span> <span class='ocrx_word' id='word_1_177' title='bbox 1188 3494 1263 3543; x_wconf 88' lang='lat' dir='ltr'>seu·</span> 
     </span>
     <span class='ocr_line' id='line_1_25' title="bbox 268 3583 1260 3696; baseline 0.008 -37"><span class='ocrx_word' id='word_1_178' title='bbox 268 3591 376 3663; x_wconf 90' lang='lat' dir='ltr'>tentia</span> <span class='ocrx_word' id='word_1_179' title='bbox 402 3594 595 3666; x_wconf 88' lang='lat' dir='ltr'>censebam.</span> <span class='ocrx_word' id='word_1_180' title='bbox 620 3596 736 3696; x_wconf 90' lang='lat' dir='ltr'>Atque</span> <span class='ocrx_word' id='word_1_181' title='bbox 769 3593 854 3666; x_wconf 90' lang='lat' dir='ltr'>baec</span> <span class='ocrx_word' id='word_1_182' title='bbox 889 3619 953 3691; x_wconf 89' lang='lat' dir='ltr'>ego</span> <span class='ocrx_word' id='word_1_183' title='bbox 986 3594 1117 3667; x_wconf 90' lang='lat' dir='ltr'>iccirco</span> <span class='ocrx_word' id='word_1_184' title='bbox 1134 3583 1200 3668; x_wconf 81' lang='lat' dir='ltr'>ad</span> <span class='ocrx_word' id='word_1_185' title='bbox 1231 3608 1260 3668; x_wconf 90' lang='lat' dir='ltr'>te</span> 
     </span>
     <span class='ocr_line' id='line_1_26' title="bbox 266 3717 1260 3821; baseline 0.007 -36"><span class='ocrx_word' id='word_1_186' title='bbox 266 3729 389 3789; x_wconf 86' lang='lat' dir='ltr'>contra</span> <span class='ocrx_word' id='word_1_187' title='bbox 416 3719 704 3795; x_wconf 90' lang='lat' dir='ltr'>consuetudinem</span> <span class='ocrx_word' id='word_1_188' title='bbox 728 3721 843 3792; x_wconf 88' lang='lat' dir='ltr'>meam</span> <span class='ocrx_word' id='word_1_189' title='bbox 868 3717 1025 3819; x_wconf 84' lang='lat' dir='ltr'>pluribus</span> <span class='ocrx_word' id='word_1_190' title='bbox 1058 3720 1204 3821; x_wconf 84' lang='lat' dir='ltr'>scripsi,</span> <span class='ocrx_word' id='word_1_191' title='bbox 1227 3734 1260 3792; x_wconf 89' lang='lat' dir='ltr'>ut</span> 
     </span>
     <span class='ocr_line' id='line_1_27' title="bbox 264 3841 1259 3949; baseline 0.007 -38"><span class='ocrx_word' id='word_1_192' title='bbox 264 3841 385 3938; x_wconf 85' lang='lat' dir='ltr'>(quod</span> <span class='ocrx_word' id='word_1_193' title='bbox 418 3847 566 3918; x_wconf 83' lang='lat' dir='ltr'>maxime</span> <span class='ocrx_word' id='word_1_194' title='bbox 593 3845 699 3937; x_wconf 85' lang='lat' dir='ltr'>volo)</span> <span class='ocrx_word' id='word_1_195' title='bbox 724 3845 915 3944; x_wconf 75' lang='lat' dir='ltr'>existimes,</span> <span class='ocrx_word' id='word_1_196' title='bbox 940 3870 996 3916; x_wconf 89' lang='lat' dir='ltr'>me</span> <span class='ocrx_word' id='word_1_197' title='bbox 1013 3843 1196 3944; x_wconf 88' lang='lat' dir='ltr'>laborare,</span> <span class='ocrx_word' id='word_1_198' title='bbox 1214 3859 1259 3949; x_wconf 30' lang='lat' dir='ltr'>„ut</span> 
     </span>
    </p>
   </div>
   <div class='ocr_carea' id='block_1_7' title="bbox 0 0 1318 4854">
    <p class='ocr_par' dir='ltr' id='par_1_8' title="bbox 0 0 1318 4854">
     <span class='ocr_line' id='line_1_28' title="bbox 0 0 1318 4854; baseline 0 0"><span class='ocrx_word' id='word_1_199' title='bbox 0 0 1318 4854; x_wconf 95' lang='lat' dir='ltr'> </span> 
     </span>
    </p>
   </div>
  </div>
 </body>
</html>
