2626 4854
220 400 225 411 .
260 332 305 426 34
312 359 331 404 2
623 346 893 399 nasammonas

260 459 300 536 34
319 456 434 538 Nempe
455 455 488 514 in
507 454 696 513 contentione
720 450 859 532 Pompeii
878 459 911 510 et
929 447 1066 510 Caesaris
1095 450 1260 532 periculosa

296 564 386 646 ipsis,
406 560 489 644 quod
513 580 569 644 per
589 578 640 620 eos
660 557 789 635 marimo
809 559 841 617 in
860 556 996 619 exsilium
1023 559 1142 618 eiectus
1166 557 1260 620 fuerat

301 670 454 748 (Cicero).
474 665 532 727 Ed.
552 664 632 727 Med.
649 665 784 748 parabit:
809 663 881 725 ferri
901 675 1020 748 posset,
1040 667 1064 725 si
1091 676 1171 725 esset
1196 677 1259 726 ante

294 777 396 857 possit.
418 773 583 834 Ernestius.
604 772 702 832 Nostri
727 788 819 854 supra
839 770 945 853 legunt
962 772 1023 832 sine
1043 793 1099 832 suo
1116 773 1259 853 pauculo,

297 882 381 966 quod
400 881 556 943 Manutius
569 888 600 940 et
611 877 780 939 Lambinus
801 888 975 951 mutarunt,
987 890 1082 962 puto,
1100 881 1135 939 in
1153 898 1259 939 summo

292 1013 341 1072 μ,
361 989 410 1051 rel
431 987 608 1071 simpliciter
626 987 687 1047 sine
703 986 838 1070 periculo
858 1006 928 1048 eum
941 985 1010 1049 edd.
1022 1006 1088 1070 pn,
1101 985 1188 1068 quod
1200 1006 1257 1046 ma·

297 1095 367 1174 lim3
386 1094 449 1157 seil.
469 1098 532 1156 sine
551 1094 688 1178 perieulo
707 1092 864 1156 libertatis.

559 1262 565 1277 ¹
622 1306 814 1370 cenxxxr.

261 1547 272 1585 ι
297 1524 425 1587 Veteres
445 1544 507 1584 non
527 1525 649 1607 pennis,
669 1522 720 1583 sed
741 1521 880 1596 salamis,
900 1522 964 1585 sive
977 1520 1181 1587 arundinibus
1194 1523 1252 1582 seri-

294 1631 416 1693 bebant
437 1630 519 1693 Pers.
540 1630 602 1691 Sat
622 1630 683 1703 ill,
703 1652 731 1690 v.
757 1650 807 1691 rr:

404 1791 488 1861 laque
504 1808 597 1843 manus
611 1789 731 1858 chartae,
748 1789 897 1861 nodosaque
913 1789 987 1844 venit
1003 1789 1117 1843 arundo.

297 1922 424 2015 Gronov.
444 1953 584 2015 Meminit
603 1951 711 2014 calami
732 1955 822 2014 etiam
843 1920 875 2013 ili
894 1973 941 2036 ep.
962 1951 1070 2014 CXLI.

255 2060 497 2139 aAdverbium3
526 2062 633 2145 supple
660 2063 715 2123 via.
740 2060 791 2122 sic
817 2062 939 2123 Terent.
969 2061 1070 2142 (Eun.
1097 2083 1129 2135 r,
1154 2082 1186 2135 a,
1211 2060 1248 2142 pl:

297 2167 359 2229 Cur
377 2190 437 2230 nou
457 2181 537 2229 recta
557 2169 717 2230 introibas?

253 2273 272 2334 3
292 2273 351 2334 Alii
372 2275 518 2357 explicate
534 2273 612 2356 prid.
634 2273 722 2349 Kal,
742 2274 826 2358 quod
844 2273 970 2358 perinde
989 2283 1045 2335 est

250 2381 272 2457 4
292 2381 380 2458 Quae
399 2379 455 2441 tibi
475 2381 599 2443 obviam
618 2402 780 2465 progressa
806 2393 979 2466 opportune
1005 2381 1183 2445 advenienti
1207 2402 1249 2443 oc·

292 2489 428 2567 currerit,
448 2489 567 2550 Manat.

250 2591 271 2653 5
294 2595 378 2656 Haeo
399 2606 481 2668 sunt,
504 2618 582 2679 quae
599 2598 707 2658 Cicero
720 2584 880 2658 ho‘rribilia
893 2596 977 2657 dicit:
1000 2596 1167 2658 Caesarem
1178 2595 1250 2656 nullo

290 2701 385 2763 modo
411 2702 606 2764 dimissurum
634 2709 814 2777 exercitum,
834 2715 989 2789 praetores
1009 2703 1194 2785 designatos*
1206 2704 1251 2762 Le·

293 2809 400 2890 pidum
422 2820 453 2872 et
472 2812 632 2885 Roscium,
651 2812 808 2873 tribunum
829 2813 870 2896 pl.
892 2812 1045 2884 Cassium,
1060 2820 1091 2872 et
1105 2833 1189 2872 cons.
1208 2809 1250 2870 de·

292 2919 447 2997 signatum
466 2920 631 2981 Lentulum
653 2942 724 2980 eum
745 2921 871 2982 Caesare
897 2919 1008 2992 faeere,
1029 2917 1093 2980 hoo
1114 2929 1175 2992 est,
1193 2938 1252 3000 par·

290 3021 373 3083 tibus
399 3025 534 3087 Caesaris
551 3027 679 3088 studere.
699 3027 903 3089 Dimittendus
917 3036 1017 3086 autem
1033 3037 1101 3086 erat
1116 3027 1252 3087 exereitus

289 3129 449 3204 omnibus,
469 3135 521 3214 qui
538 3132 683 3216 petebant
705 3135 903 3197 consulatum.
918 3133 956 3193 At
980 3132 1096 3192 Caesar
1119 3133 1250 3194 obtinue-

289 3248 354 3309 rat,
379 3249 415 3298 ut
442 3249 473 3299 et
498 3239 605 3302 absens
631 3252 663 3304 et
687 3264 756 3304 cum
783 3244 911 3326 imperio
936 3240 1133 3301 consulatum
1161 3251 1252 3324 petere

288 3355 399 3426 posset.

252 3447 273 3510 6
293 3440 335 3511 Et
355 3453 386 3512 in
407 3474 475 3515 suas
496 3458 683 3539 provincias,
702 3456 763 3518 hoe
776 3468 822 3519 est
834 3456 1010 3539 Hispanias,
1025 3476 1105 3536 quas
1119 3475 1180 3538 pro
1192 3474 1254 3514 eon-

287 3557 351 3621 sule
373 3561 434 3621 iam
455 3561 551 3624 multo
572 3564 682 3626 abhinc
702 3577 841 3648 tempore
860 3585 916 3647 per
936 3563 1052 3644 legatos
1067 3561 1253 3623 administra·

285 3664 355 3740 bat,
377 3668 545 3751 profiois0i3
572 3673 621 3733 vel
649 3671 758 3734 urbem
785 3673 904 3733 Caesari
931 3669 1103 3730 advenienti
1131 3687 1253 3732 vacuam

296 3774 486 3857 relinquere,
507 3790 536 3838 et
557 3778 657 3840 sedem
678 3777 751 3840 belli
772 3779 831 3840 alio
857 3797 1015 3862 quaerere3
1043 3775 1132 3859 quod
1153 3792 1255 3838 revera

286 3877 371 3960 leoit3
391 3883 460 3945 vide
482 3885 623 3968 epistolas
644 3888 715 3948 anni
738 3908 799 3969 seq.
