<?xml version="1.0" encoding="UTF-8"?>
<!DOCTYPE html PUBLIC "-//W3C//DTD XHTML 1.0 Transitional//EN"
    "http://www.w3.org/TR/xhtml1/DTD/xhtml1-transitional.dtd">
<html xmlns="http://www.w3.org/1999/xhtml" xml:lang="en" lang="en">
 <head>
  <title>
</title>
<meta http-equiv="Content-Type" content="text/html;charset=utf-8" />
  <meta name='ocr-system' content='tesseract 3.04.00' />
  <meta name='ocr-capabilities' content='ocr_page ocr_carea ocr_par ocr_line ocrx_word'/>
</head>
<body>
  <div class='ocr_page' id='page_1' title='image "./mtulliiciceroni59cicegoog/mtulliiciceroni59cicegoog_0109.png"; bbox 0 0 2626 4854; ppageno 0'>
   <div class='ocr_carea' id='block_1_1' title="bbox 28 313 1201 3927">
    <p class='ocr_par' dir='ltr' id='par_1_1' title="bbox 28 313 1201 3927">
     <span class='ocr_line' id='line_1_1' title="bbox 156 313 1131 389; baseline 0.004 -18"><span class='ocrx_word' id='word_1_1' title='bbox 156 330 224 378; x_wconf 80' lang='lat'><strong>102</strong></span> <span class='ocrx_word' id='word_1_2' title='bbox 334 313 340 324; x_wconf 89' lang='grc'><em>“</em></span> <span class='ocrx_word' id='word_1_3' title='bbox 489 323 660 373; x_wconf 77' lang='lat' dir='ltr'><strong>nrrsrout</strong></span> <span class='ocrx_word' id='word_1_4' title='bbox 685 325 808 375; x_wconf 80' lang='lat' dir='ltr'><strong>ccuxv.</strong></span> <span class='ocrx_word' id='word_1_5' title='bbox 931 323 1013 381; x_wconf 67' lang='grc' dir='ltr'><strong>Μ.</strong></span> <span class='ocrx_word' id='word_1_6' title='bbox 1032 327 1062 376; x_wconf 91' lang='lat' dir='ltr'><strong>c.</strong></span> <span class='ocrx_word' id='word_1_7' title='bbox 1079 325 1131 389; x_wconf 75' lang='lat'><strong>7⁰³</strong></span> 
     </span>
     <span class='ocr_line' id='line_1_2' title="bbox 150 425 1158 529; baseline -0.002 -24"><span class='ocrx_word' id='word_1_8' title='bbox 150 431 227 506; x_wconf 88' lang='lat' dir='ltr'><strong>dies</strong></span> <span class='ocrx_word' id='word_1_9' title='bbox 250 453 323 502; x_wconf 93' lang='lat' dir='ltr'><strong>nou</strong></span> <span class='ocrx_word' id='word_1_10' title='bbox 344 439 428 500; x_wconf 88' lang='lat' dir='ltr'><strong>erat</strong></span> <span class='ocrx_word' id='word_1_11' title='bbox 447 425 684 528; x_wconf 79' lang='lat' dir='ltr'><strong>Respondebo</strong></span> <span class='ocrx_word' id='word_1_12' title='bbox 700 428 716 476; x_wconf 82' lang='lat'>³</span> <span class='ocrx_word' id='word_1_13' title='bbox 732 427 838 525; x_wconf 84' lang='lat' dir='ltr'><strong>igitur</strong></span> <span class='ocrx_word' id='word_1_14' title='bbox 852 427 1026 527; x_wconf 75' lang='lat' dir='ltr'>superiori</span> <span class='ocrx_word' id='word_1_15' title='bbox 1042 429 1158 529; x_wconf 90' lang='lat' dir='ltr'><strong>prius,</strong></span> 
     </span>
     <span class='ocr_line' id='line_1_3' title="bbox 149 550 1157 656; baseline -0.003 -26"><span class='ocrx_word' id='word_1_16' title='bbox 149 558 188 630; x_wconf 93' lang='lat' dir='ltr'><strong>in</strong></span> <span class='ocrx_word' id='word_1_17' title='bbox 212 581 282 656; x_wconf 84' lang='lat' dir='ltr'><strong>qua</strong></span> <span class='ocrx_word' id='word_1_18' title='bbox 306 552 429 626; x_wconf 83' lang='lat' dir='ltr'><strong>scribis</strong></span> <span class='ocrx_word' id='word_1_19' title='bbox 455 551 502 626; x_wconf 89' lang='lat' dir='ltr'><strong>ad</strong></span> <span class='ocrx_word' id='word_1_20' title='bbox 529 579 587 624; x_wconf 89' lang='lat' dir='ltr'><strong>me</strong></span> <span class='ocrx_word' id='word_1_21' title='bbox 614 552 659 625; x_wconf 91' lang='lat' dir='ltr'><strong>de</strong></span> <span class='ocrx_word' id='word_1_22' title='bbox 684 550 904 627; x_wconf 88' lang='lat' dir='ltr'><strong>absolutione</strong></span> <span class='ocrx_word' id='word_1_23' title='bbox 919 553 1115 629; x_wconf 76' lang='lat' dir='ltr'><strong>maiestatis</strong></span> <span class='ocrx_word' id='word_1_24' title='bbox 1130 553 1157 627; x_wconf 82' lang='lat' dir='ltr'><strong>l.</strong></span> 
     </span>
     <span class='ocr_line' id='line_1_4' title="bbox 149 676 1158 783; baseline -0.001 -27"><span class='ocrx_word' id='word_1_25' title='bbox 149 683 205 756; x_wconf 86' lang='lat' dir='ltr'><strong>De</strong></span> <span class='ocrx_word' id='word_1_26' title='bbox 221 707 309 783; x_wconf 86' lang='lat' dir='ltr'><strong>qua,</strong></span> <span class='ocrx_word' id='word_1_27' title='bbox 334 680 400 752; x_wconf 84' lang='lat' dir='ltr'><strong>etsi</strong></span> <span class='ocrx_word' id='word_1_28' title='bbox 416 676 630 779; x_wconf 86' lang='lat' dir='ltr'><strong>permultum</strong></span> <span class='ocrx_word' id='word_1_29' title='bbox 646 682 760 765; x_wconf 82' lang='lat' dir='ltr'><strong>ante⁵</strong></span> <span class='ocrx_word' id='word_1_30' title='bbox 786 679 914 752; x_wconf 83' lang='lat' dir='ltr'>certior</span> <span class='ocrx_word' id='word_1_31' title='bbox 927 679 1042 754; x_wconf 86' lang='lat' dir='ltr'><strong>factus</strong></span> <span class='ocrx_word' id='word_1_32' title='bbox 1058 707 1158 755; x_wconf 88' lang='lat' dir='ltr'><strong>eram</strong></span> 
     </span>
     <span class='ocr_line' id='line_1_5' title="bbox 149 803 1157 906; baseline -0.001 -26"><span class='ocrx_word' id='word_1_33' title='bbox 149 806 278 906; x_wconf 78' lang='lat' dir='ltr'><strong>literis,</strong></span> <span class='ocrx_word' id='word_1_34' title='bbox 302 807 452 904; x_wconf 91' lang='lat' dir='ltr'><strong>nuntiis,</strong></span> <span class='ocrx_word' id='word_1_35' title='bbox 477 803 570 876; x_wconf 85' lang='lat' dir='ltr'><strong>fama</strong></span> <span class='ocrx_word' id='word_1_36' title='bbox 587 804 739 905; x_wconf 88' lang='lat' dir='ltr'><strong>denique</strong></span> <span class='ocrx_word' id='word_1_37' title='bbox 754 804 831 904; x_wconf 87' lang='lat' dir='ltr'><strong>ipsa</strong></span> <span class='ocrx_word' id='word_1_38' title='bbox 854 804 962 895; x_wconf 89' lang='lat' dir='ltr'>(nihil</span> <span class='ocrx_word' id='word_1_39' title='bbox 979 807 1074 878; x_wconf 91' lang='lat' dir='ltr'><strong>enim</strong></span> <span class='ocrx_word' id='word_1_40' title='bbox 1090 806 1157 879; x_wconf 84' lang='lat' dir='ltr'><strong>lirit</strong></span> 
     </span>
     <span class='ocr_line' id='line_1_6' title="bbox 151 929 1158 1032; baseline -0.001 -26"><span class='ocrx_word' id='word_1_41' title='bbox 151 931 297 1006; x_wconf 76' lang='lat' dir='ltr'><strong>elanus:</strong></span> <span class='ocrx_word' id='word_1_42' title='bbox 321 956 395 1005; x_wconf 93' lang='lat' dir='ltr'><strong>non</strong></span> <span class='ocrx_word' id='word_1_43' title='bbox 420 955 493 1031; x_wconf 89' lang='lat' dir='ltr'><strong>quo</strong></span> <span class='ocrx_word' id='word_1_44' title='bbox 510 934 527 981; x_wconf 84' lang='lat'><strong>⁶</strong></span> <span class='ocrx_word' id='word_1_45' title='bbox 544 932 729 1032; x_wconf 84' lang='lat' dir='ltr'><strong>quisquam</strong></span> <span class='ocrx_word' id='word_1_46' title='bbox 754 929 855 1004; x_wconf 90' lang='lat' dir='ltr'><strong>aliter</strong></span> <span class='ocrx_word' id='word_1_47' title='bbox 877 944 1060 1031; x_wconf 76' lang='lat' dir='ltr'><strong>putasset,</strong></span> <span class='ocrx_word' id='word_1_48' title='bbox 1092 931 1158 1006; x_wconf 89' lang='lat' dir='ltr'><strong>sed</strong></span> 
     </span>
     <span class='ocr_line' id='line_1_7' title="bbox 150 1055 1157 1156; baseline -0.002 -23"><span class='ocrx_word' id='word_1_49' title='bbox 150 1056 239 1133; x_wconf 85' lang='lat' dir='ltr'>nihil</span> <span class='ocrx_word' id='word_1_50' title='bbox 263 1057 309 1130; x_wconf 89' lang='lat' dir='ltr'><strong>de</strong></span> <span class='ocrx_word' id='word_1_51' title='bbox 333 1055 532 1156; x_wconf 83' lang='lat' dir='ltr'><strong>insignibus</strong></span> <span class='ocrx_word' id='word_1_52' title='bbox 556 1056 604 1130; x_wconf 83' lang='lat' dir='ltr'><strong>ad</strong></span> <span class='ocrx_word' id='word_1_53' title='bbox 627 1055 768 1131; x_wconf 89' lang='lat' dir='ltr'><strong>laudem</strong></span> <span class='ocrx_word' id='word_1_54' title='bbox 792 1057 877 1130; x_wconf 85' lang='lat' dir='ltr'><strong>viris</strong></span> <span class='ocrx_word' id='word_1_55' title='bbox 902 1056 1051 1138; x_wconf 83' lang='lat' dir='ltr'><strong>obscure</strong></span> <span class='ocrx_word' id='word_1_56' title='bbox 1067 1084 1157 1132; x_wconf 90' lang='lat' dir='ltr'><strong>nun-</strong></span> 
     </span>
     <span class='ocr_line' id='line_1_8' title="bbox 151 1181 1157 1282; baseline 0.001 -27"><span class='ocrx_word' id='word_1_57' title='bbox 151 1183 232 1257; x_wconf 84' lang='lat' dir='ltr'><strong>tiari</strong></span> <span class='ocrx_word' id='word_1_58' title='bbox 256 1181 382 1282; x_wconf 76' lang='lat' dir='ltr'><strong>solet),</strong></span> <span class='ocrx_word' id='word_1_59' title='bbox 416 1196 537 1256; x_wconf 88' lang='lat' dir='ltr'><strong>tamen</strong></span> <span class='ocrx_word' id='word_1_60' title='bbox 569 1181 696 1256; x_wconf 85' lang='lat' dir='ltr'><strong>eadem</strong></span> <span class='ocrx_word' id='word_1_61' title='bbox 727 1181 788 1255; x_wconf 84' lang='lat' dir='ltr'><strong>illa</strong></span> <span class='ocrx_word' id='word_1_62' title='bbox 818 1181 965 1257; x_wconf 89' lang='lat' dir='ltr'><strong>laetiora</strong></span> <span class='ocrx_word' id='word_1_63' title='bbox 996 1183 1157 1259; x_wconf 85' lang='lat' dir='ltr'><strong>fecerunt</strong></span> 
     </span>
     <span class='ocr_line' id='line_1_9' title="bbox 150 1307 1158 1410; baseline 0 -28"><span class='ocrx_word' id='word_1_64' title='bbox 150 1309 238 1382; x_wconf 91' lang='lat' dir='ltr'><strong>mibi</strong></span> <span class='ocrx_word' id='word_1_65' title='bbox 263 1321 344 1382; x_wconf 85' lang='lat' dir='ltr'><strong>tuae</strong></span> <span class='ocrx_word' id='word_1_66' title='bbox 360 1308 507 1382; x_wconf 85' lang='lat' dir='ltr'><strong>literae:</strong></span> <span class='ocrx_word' id='word_1_67' title='bbox 531 1333 606 1381; x_wconf 94' lang='lat' dir='ltr'><strong>non</strong></span> <span class='ocrx_word' id='word_1_68' title='bbox 630 1307 743 1382; x_wconf 83' lang='lat' dir='ltr'><strong>solum</strong></span> <span class='ocrx_word' id='word_1_69' title='bbox 768 1309 851 1410; x_wconf 86' lang='lat' dir='ltr'><strong>quia</strong></span> <span class='ocrx_word' id='word_1_70' title='bbox 874 1308 1012 1409; x_wconf 87' lang='lat' dir='ltr'><strong>planius</strong></span> <span class='ocrx_word' id='word_1_71' title='bbox 1035 1307 1158 1410; x_wconf 85' lang='lat' dir='ltr'><strong>loque·</strong></span> 
     </span>
     <span class='ocr_line' id='line_1_10' title="bbox 150 1432 1157 1535; baseline 0.001 -29"><span class='ocrx_word' id='word_1_72' title='bbox 150 1432 281 1507; x_wconf 83' lang='lat' dir='ltr'><strong>bantur</strong></span> <span class='ocrx_word' id='word_1_73' title='bbox 304 1448 342 1506; x_wconf 91' lang='lat' dir='ltr'><strong>et</strong></span> <span class='ocrx_word' id='word_1_74' title='bbox 364 1433 524 1533; x_wconf 90' lang='lat' dir='ltr'><strong>uberius,</strong></span> <span class='ocrx_word' id='word_1_75' title='bbox 547 1459 653 1535; x_wconf 90' lang='lat' dir='ltr'><strong>quam</strong></span> <span class='ocrx_word' id='word_1_76' title='bbox 676 1433 773 1532; x_wconf 86' lang='lat' dir='ltr'><strong>vulgi</strong></span> <span class='ocrx_word' id='word_1_77' title='bbox 789 1459 923 1533; x_wconf 76' lang='lat' dir='ltr'><strong>sermo,</strong></span> <span class='ocrx_word' id='word_1_78' title='bbox 947 1433 1011 1507; x_wconf 88' lang='lat' dir='ltr'><strong>sed</strong></span> <span class='ocrx_word' id='word_1_79' title='bbox 1034 1436 1157 1534; x_wconf 87' lang='lat' dir='ltr'><strong>etiam,</strong></span> 
     </span>
     <span class='ocr_line' id='line_1_11' title="bbox 152 1559 1157 1662; baseline 0 -29"><span class='ocrx_word' id='word_1_80' title='bbox 152 1560 233 1660; x_wconf 70' lang='lat' dir='ltr'><strong>(pria</strong></span> <span class='ocrx_word' id='word_1_81' title='bbox 258 1560 371 1658; x_wconf 88' lang='lat' dir='ltr'><strong>magis</strong></span> <span class='ocrx_word' id='word_1_82' title='bbox 396 1559 545 1643; x_wconf 85' lang='lat' dir='ltr'><strong>videbar</strong></span> <span class='ocrx_word' id='word_1_83' title='bbox 568 1559 668 1632; x_wconf 77' lang='lat' dir='ltr'><strong>tihir</strong></span> <span class='ocrx_word' id='word_1_84' title='bbox 695 1559 877 1658; x_wconf 87' lang='lat' dir='ltr'><strong>gratulari,</strong></span> <span class='ocrx_word' id='word_1_85' title='bbox 910 1586 1020 1662; x_wconf 89' lang='lat' dir='ltr'><strong>quum</strong></span> <span class='ocrx_word' id='word_1_86' title='bbox 1050 1559 1096 1633; x_wconf 90' lang='lat' dir='ltr'><strong>de</strong></span> <span class='ocrx_word' id='word_1_87' title='bbox 1121 1573 1157 1634; x_wconf 88' lang='lat' dir='ltr'><strong>te</strong></span> 
     </span>
     <span class='ocr_line' id='line_1_12' title="bbox 152 1684 1156 1785; baseline 0.003 -28"><span class='ocrx_word' id='word_1_88' title='bbox 152 1712 195 1757; x_wconf 85' lang='lat' dir='ltr'><strong>ex</strong></span> <span class='ocrx_word' id='word_1_89' title='bbox 220 1687 360 1785; x_wconf 81' lang='lat' dir='ltr'><strong>teipso</strong></span> <span class='ocrx_word' id='word_1_90' title='bbox 386 1684 580 1758; x_wconf 73' lang='lat' dir='ltr'><strong>audiebam·</strong></span> <span class='ocrx_word' id='word_1_91' title='bbox 614 1685 826 1785; x_wconf 83' lang='lat' dir='ltr'><strong>Complexus</strong></span> <span class='ocrx_word' id='word_1_92' title='bbox 856 1686 960 1784; x_wconf 91' lang='lat' dir='ltr'><strong>igitur</strong></span> <span class='ocrx_word' id='word_1_93' title='bbox 989 1712 1071 1759; x_wconf 91' lang='lat' dir='ltr'><strong>sum</strong></span> <span class='ocrx_word' id='word_1_94' title='bbox 1097 1712 1156 1760; x_wconf 89' lang='lat' dir='ltr'><strong>co·</strong></span> 
     </span>
     <span class='ocr_line' id='line_1_13' title="bbox 100 1810 1157 1913; baseline 0 -29"><span class='ocrx_word' id='word_1_95' title='bbox 100 1902 103 1906; x_wconf 17' lang='lat'>⁸</span> <span class='ocrx_word' id='word_1_96' title='bbox 153 1813 351 1910; x_wconf 82' lang='lat' dir='ltr'><strong>gitatione⁸</strong></span> <span class='ocrx_word' id='word_1_97' title='bbox 376 1825 412 1884; x_wconf 85' lang='lat' dir='ltr'><strong>te</strong></span> <span class='ocrx_word' id='word_1_98' title='bbox 438 1811 636 1885; x_wconf 77' lang='lat' dir='ltr'><strong>absentem:</strong></span> <span class='ocrx_word' id='word_1_99' title='bbox 661 1810 848 1910; x_wconf 88' lang='lat' dir='ltr'><strong>epistolam</strong></span> <span class='ocrx_word' id='word_1_100' title='bbox 864 1837 948 1885; x_wconf 86' lang='lat' dir='ltr'><strong>vero</strong></span> <span class='ocrx_word' id='word_1_101' title='bbox 965 1811 1157 1913; x_wconf 83' lang='lat' dir='ltr'><strong>osculatus,</strong></span> 
     </span>
     <span class='ocr_line' id='line_1_14' title="bbox 152 1935 1156 2036; baseline 0.001 -27"><span class='ocrx_word' id='word_1_102' title='bbox 152 1938 259 2010; x_wconf 91' lang='lat' dir='ltr'><strong>etiam</strong></span> <span class='ocrx_word' id='word_1_103' title='bbox 282 1936 369 2010; x_wconf 92' lang='lat' dir='ltr'><strong>mihi</strong></span> <span class='ocrx_word' id='word_1_104' title='bbox 393 1937 461 2036; x_wconf 91' lang='lat' dir='ltr'><strong>ipsi</strong></span> <span class='ocrx_word' id='word_1_105' title='bbox 484 1954 520 2002; x_wconf 82' lang='lat'><strong>9·</strong></span> <span class='ocrx_word' id='word_1_106' title='bbox 536 1935 731 2034; x_wconf 77' lang='lat' dir='ltr'><strong>gratulatus</strong></span> <span class='ocrx_word' id='word_1_107' title='bbox 756 1963 843 2009; x_wconf 88' lang='lat' dir='ltr'><strong>sum.</strong></span> <span class='ocrx_word' id='word_1_108' title='bbox 874 1937 975 2028; x_wconf 88' lang='lat' dir='ltr'><strong>Quae</strong></span> <span class='ocrx_word' id='word_1_109' title='bbox 1007 1938 1105 2010; x_wconf 91' lang='lat' dir='ltr'><strong>enim</strong></span> <span class='ocrx_word' id='word_1_110' title='bbox 1135 1964 1156 2010; x_wconf 90' lang='lat' dir='ltr'><strong>a</strong></span> 
     </span>
     <span class='ocr_line' id='line_1_15' title="bbox 153 2061 1156 2164; baseline 0.001 -29"><span class='ocrx_word' id='word_1_111' title='bbox 153 2076 283 2135; x_wconf 91' lang='lat' dir='ltr'><strong>cuncto</strong></span> <span class='ocrx_word' id='word_1_112' title='bbox 308 2062 467 2163; x_wconf 92' lang='lat' dir='ltr'><strong>populo,</strong></span> <span class='ocrx_word' id='word_1_113' title='bbox 500 2088 521 2134; x_wconf 94' lang='lat' dir='ltr'><strong>a</strong></span> <span class='ocrx_word' id='word_1_114' title='bbox 546 2074 691 2160; x_wconf 89' lang='lat' dir='ltr'><strong>senatu,</strong></span> <span class='ocrx_word' id='word_1_115' title='bbox 722 2087 743 2133; x_wconf 94' lang='lat' dir='ltr'><strong>a</strong></span> <span class='ocrx_word' id='word_1_116' title='bbox 774 2061 964 2161; x_wconf 90' lang='lat' dir='ltr'><strong>iudicibus,</strong></span> <span class='ocrx_word' id='word_1_117' title='bbox 996 2063 1156 2164; x_wconf 89' lang='lat' dir='ltr'><strong>ingenio,</strong></span> 
     </span>
     <span class='ocr_line' id='line_1_16' title="bbox 151 2186 1155 2288; baseline 0.005 -30"><span class='ocrx_word' id='word_1_118' title='bbox 151 2186 366 2288; x_wconf 85' lang='lat' dir='ltr'><strong>industriae,</strong></span> <span class='ocrx_word' id='word_1_119' title='bbox 385 2189 509 2262; x_wconf 80' lang='lat' dir='ltr'><strong>virtuti</strong></span> <span class='ocrx_word' id='word_1_120' title='bbox 524 2188 725 2261; x_wconf 90' lang='lat' dir='ltr'><strong>tribuuntur</strong></span> <span class='ocrx_word' id='word_1_121' title='bbox 741 2187 845 2276; x_wconf 88' lang='lat' dir='ltr'><strong>(mibi</strong></span> <span class='ocrx_word' id='word_1_122' title='bbox 860 2189 937 2288; x_wconf 90' lang='lat' dir='ltr'><strong>ipse</strong></span> <span class='ocrx_word' id='word_1_123' title='bbox 950 2203 1113 2263; x_wconf 81' lang='lat' dir='ltr'><strong>assentur</strong></span> <span class='ocrx_word' id='word_1_124' title='bbox 1127 2207 1155 2239; x_wconf 83' lang='lat'><strong>¹⁰</strong></span> 
     </span>
     <span class='ocr_line' id='line_1_17' title="bbox 152 2313 1156 2418; baseline 0.003 -33"><span class='ocrx_word' id='word_1_125' title='bbox 152 2314 317 2413; x_wconf 87' lang='lat' dir='ltr'><strong>sortasse,</strong></span> <span class='ocrx_word' id='word_1_126' title='bbox 342 2341 450 2416; x_wconf 93' lang='lat' dir='ltr'><strong>quum</strong></span> <span class='ocrx_word' id='word_1_127' title='bbox 475 2341 516 2388; x_wconf 90' lang='lat' dir='ltr'><strong>ea</strong></span> <span class='ocrx_word' id='word_1_128' title='bbox 533 2341 608 2388; x_wconf 92' lang='lat' dir='ltr'><strong>esse</strong></span> <span class='ocrx_word' id='word_1_129' title='bbox 625 2316 663 2387; x_wconf 93' lang='lat' dir='ltr'><strong>in</strong></span> <span class='ocrx_word' id='word_1_130' title='bbox 679 2340 737 2388; x_wconf 88' lang='lat' dir='ltr'><strong>me</strong></span> <span class='ocrx_word' id='word_1_131' title='bbox 752 2317 884 2414; x_wconf 86' lang='lat' dir='ltr'><strong>fingo):</strong></span> <span class='ocrx_word' id='word_1_132' title='bbox 908 2313 998 2388; x_wconf 90' lang='lat' dir='ltr'><strong>mihi</strong></span> <span class='ocrx_word' id='word_1_133' title='bbox 1015 2340 1156 2418; x_wconf 86' lang='lat' dir='ltr'><strong>qnoque</strong></span> 
     </span>
     <span class='ocr_line' id='line_1_18' title="bbox 152 2430 1156 2541; baseline 0.006 -30"><span class='ocrx_word' id='word_1_134' title='bbox 152 2439 222 2538; x_wconf 85' lang='lat' dir='ltr'><strong>ipsi</strong></span> <span class='ocrx_word' id='word_1_135' title='bbox 246 2439 354 2513; x_wconf 89' lang='lat' dir='ltr'><strong>tribui</strong></span> <span class='ocrx_word' id='word_1_136' title='bbox 378 2455 479 2541; x_wconf 89' lang='lat' dir='ltr'><strong>puto.</strong></span> <span class='ocrx_word' id='word_1_137' title='bbox 512 2441 586 2514; x_wconf 90' lang='lat' dir='ltr'><strong>Nec</strong></span> <span class='ocrx_word' id='word_1_138' title='bbox 619 2456 692 2515; x_wconf 91' lang='lat' dir='ltr'><strong>tam</strong></span> <span class='ocrx_word' id='word_1_139' title='bbox 721 2440 909 2540; x_wconf 83' lang='lat' dir='ltr'><strong>gloriosum</strong></span> <span class='ocrx_word' id='word_1_140' title='bbox 943 2442 1081 2516; x_wconf 84' lang='lat' dir='ltr'><strong>exitum</strong></span> <span class='ocrx_word' id='word_1_141' title='bbox 1102 2430 1156 2517; x_wconf 80' lang='lat' dir='ltr'><strong>¹tui</strong></span> 
     </span>
     <span class='ocr_line' id='line_1_19' title="bbox 151 2566 1155 2667; baseline 0.003 -29"><span class='ocrx_word' id='word_1_142' title='bbox 151 2566 274 2639; x_wconf 83' lang='lat' dir='ltr'><strong>iudicii</strong></span> <span class='ocrx_word' id='word_1_143' title='bbox 291 2568 480 2667; x_wconf 76' lang='lat' dir='ltr'><strong>exstitisse,</strong></span> <span class='ocrx_word' id='word_1_144' title='bbox 504 2567 569 2641; x_wconf 90' lang='lat' dir='ltr'><strong>sed</strong></span> <span class='ocrx_word' id='word_1_145' title='bbox 584 2582 657 2640; x_wconf 84' lang='lat' dir='ltr'><strong>tam</strong></span> <span class='ocrx_word' id='word_1_146' title='bbox 678 2594 825 2666; x_wconf 90' lang='lat' dir='ltr'><strong>pravam</strong></span> <span class='ocrx_word' id='word_1_147' title='bbox 841 2568 1064 2640; x_wconf 90' lang='lat' dir='ltr'><strong>inimicorum</strong></span> <span class='ocrx_word' id='word_1_148' title='bbox 1081 2582 1155 2641; x_wconf 87' lang='lat' dir='ltr'><strong>tuo·</strong></span> 
     </span>
     <span class='ocr_line' id='line_1_20' title="bbox 151 2693 1156 2791; baseline 0.003 -26"><span class='ocrx_word' id='word_1_149' title='bbox 151 2718 231 2765; x_wconf 91' lang='lat' dir='ltr'><strong>rum</strong></span> <span class='ocrx_word' id='word_1_150' title='bbox 256 2708 412 2766; x_wconf 86' lang='lat' dir='ltr'><strong>mentem</strong></span> <span class='ocrx_word' id='word_1_151' title='bbox 435 2695 541 2767; x_wconf 79' lang='lat' dir='ltr'><strong>fluisse</strong></span> <span class='ocrx_word' id='word_1_152' title='bbox 565 2693 718 2766; x_wconf 86' lang='lat' dir='ltr'><strong>mirabar</strong></span> <span class='ocrx_word' id='word_1_153' title='bbox 748 2711 786 2765; x_wconf 90' lang='lat'><strong>¹¹.</strong></span> <span class='ocrx_word' id='word_1_154' title='bbox 819 2694 872 2791; x_wconf 85' lang='lat' dir='ltr'><strong>De</strong></span> <span class='ocrx_word' id='word_1_155' title='bbox 905 2693 1041 2766; x_wconf 91' lang='lat' dir='ltr'><strong>ambitu</strong></span> <span class='ocrx_word' id='word_1_156' title='bbox 1071 2720 1156 2768; x_wconf 87' lang='lat' dir='ltr'><strong>vero</strong></span> 
     </span>
     <span class='ocr_line' id='line_1_21' title="bbox 153 2816 1155 2922; baseline 0.005 -34"><span class='ocrx_word' id='word_1_157' title='bbox 153 2816 240 2917; x_wconf 92' lang='lat' dir='ltr'><strong>quid</strong></span> <span class='ocrx_word' id='word_1_158' title='bbox 264 2819 426 2917; x_wconf 89' lang='lat' dir='ltr'><strong>interest,</strong></span> <span class='ocrx_word' id='word_1_159' title='bbox 452 2820 607 2922; x_wconf 82' lang='lat' dir='ltr'><strong>inquies,</strong></span> <span class='ocrx_word' id='word_1_160' title='bbox 630 2845 675 2892; x_wconf 91' lang='lat' dir='ltr'><strong>an</strong></span> <span class='ocrx_word' id='word_1_161' title='bbox 701 2819 746 2892; x_wconf 92' lang='lat' dir='ltr'><strong>de</strong></span> <span class='ocrx_word' id='word_1_162' title='bbox 769 2818 972 2892; x_wconf 85' lang='lat' dir='ltr'><strong>maiestatel</strong></span> <span class='ocrx_word' id='word_1_163' title='bbox 996 2818 1057 2892; x_wconf 86' lang='lat' dir='ltr'><strong>Ad</strong></span> <span class='ocrx_word' id='word_1_164' title='bbox 1079 2847 1155 2893; x_wconf 89' lang='lat' dir='ltr'><strong>rem</strong></span> 
     </span>
     <span class='ocr_line' id='line_1_22' title="bbox 152 2940 1155 3044; baseline 0.005 -32"><span class='ocrx_word' id='word_1_165' title='bbox 152 2940 241 3012; x_wconf 91' lang='lat' dir='ltr'><strong>nibil</strong></span> <span class='ocrx_word' id='word_1_166' title='bbox 268 2959 307 3012; x_wconf 86' lang='lat'><strong>¹².</strong></span> <span class='ocrx_word' id='word_1_167' title='bbox 332 2943 492 3017; x_wconf 88' lang='lat' dir='ltr'><strong>Alterum</strong></span> <span class='ocrx_word' id='word_1_168' title='bbox 517 2946 610 3017; x_wconf 91' lang='lat' dir='ltr'><strong>enim</strong></span> <span class='ocrx_word' id='word_1_169' title='bbox 635 2970 710 3018; x_wconf 94' lang='lat' dir='ltr'><strong>non</strong></span> <span class='ocrx_word' id='word_1_170' title='bbox 736 2945 900 3044; x_wconf 72' lang='lat' dir='ltr'><strong>attigisti,</strong></span> <span class='ocrx_word' id='word_1_171' title='bbox 924 2944 1071 3020; x_wconf 90' lang='lat' dir='ltr'><strong>alteram</strong></span> <span class='ocrx_word' id='word_1_172' title='bbox 1098 2972 1155 3018; x_wconf 90' lang='lat' dir='ltr'><strong>au-</strong></span> 
     </span>
     <span class='ocr_line' id='line_1_23' title="bbox 28 3065 1155 3159; baseline 0.007 -23"><span class='ocrx_word' id='word_1_173' title='bbox 28 3155 31 3158; x_wconf 24' lang='grc'><em>,</em></span> <span class='ocrx_word' id='word_1_174' title='bbox 151 3065 243 3137; x_wconf 88' lang='lat' dir='ltr'><strong>xisti.</strong></span> <span class='ocrx_word' id='word_1_175' title='bbox 268 3068 520 3143; x_wconf 86' lang='lat' dir='ltr'><strong>Verumtamen</strong></span> <span class='ocrx_word' id='word_1_176' title='bbox 544 3085 598 3144; x_wconf 92' lang='lat' dir='ltr'><strong>est</strong></span> <span class='ocrx_word' id='word_1_177' title='bbox 621 3072 783 3145; x_wconf 84' lang='lat' dir='ltr'><strong>maiestas</strong></span> <span class='ocrx_word' id='word_1_178' title='bbox 808 3079 868 3159; x_wconf 86' lang='lat' dir='ltr'><strong>(et</strong></span> <span class='ocrx_word' id='word_1_179' title='bbox 892 3071 943 3144; x_wconf 88' lang='lat' dir='ltr'><strong>sio</strong></span> <span class='ocrx_word' id='word_1_180' title='bbox 968 3069 1066 3145; x_wconf 91' lang='lat' dir='ltr'><strong>Sulla</strong></span> <span class='ocrx_word' id='word_1_181' title='bbox 1093 3098 1155 3146; x_wconf 84' lang='lat' dir='ltr'><strong>vo-</strong></span> 
     </span>
     <span class='ocr_line' id='line_1_24' title="bbox 151 3187 1154 3297; baseline 0.007 -36"><span class='ocrx_word' id='word_1_182' title='bbox 151 3187 258 3289; x_wconf 90' lang='lat' dir='ltr'><strong>luit),</strong></span> <span class='ocrx_word' id='word_1_183' title='bbox 283 3195 385 3266; x_wconf 93' lang='lat' dir='ltr'><strong>utin</strong></span> <span class='ocrx_word' id='word_1_184' title='bbox 410 3198 569 3297; x_wconf 88' lang='lat' dir='ltr'><strong>quemvis</strong></span> <span class='ocrx_word' id='word_1_185' title='bbox 594 3197 737 3296; x_wconf 90' lang='lat' dir='ltr'><strong>impune</strong></span> <span class='ocrx_word' id='word_1_186' title='bbox 764 3194 959 3268; x_wconf 85' lang='lat' dir='ltr'><strong>declamare</strong></span> <span class='ocrx_word' id='word_1_187' title='bbox 983 3195 1092 3269; x_wconf 84' lang='lat' dir='ltr'><strong>liceat</strong></span> <span class='ocrx_word' id='word_1_188' title='bbox 1118 3198 1154 3268; x_wconf 84' lang='lat'><strong>¹³.</strong></span> 
     </span>
     <span class='ocr_line' id='line_1_25' title="bbox 152 3315 1156 3422; baseline 0.01 -36"><span class='ocrx_word' id='word_1_189' title='bbox 152 3315 317 3390; x_wconf 88' lang='lat' dir='ltr'><strong>Ambitus</strong></span> <span class='ocrx_word' id='word_1_190' title='bbox 343 3346 428 3394; x_wconf 89' lang='lat' dir='ltr'><strong>vero</strong></span> <span class='ocrx_word' id='word_1_191' title='bbox 452 3323 500 3394; x_wconf 93' lang='lat' dir='ltr'><strong>ita</strong></span> <span class='ocrx_word' id='word_1_192' title='bbox 527 3335 686 3422; x_wconf 85' lang='lat' dir='ltr'><strong>apertam</strong></span> <span class='ocrx_word' id='word_1_193' title='bbox 711 3323 783 3395; x_wconf 86' lang='lat' dir='ltr'><strong>vim</strong></span> <span class='ocrx_word' id='word_1_194' title='bbox 808 3320 932 3417; x_wconf 87' lang='lat' dir='ltr'><strong>habet,</strong></span> <span class='ocrx_word' id='word_1_195' title='bbox 957 3335 998 3394; x_wconf 92' lang='lat' dir='ltr'><strong>ut</strong></span> <span class='ocrx_word' id='word_1_196' title='bbox 1023 3337 1086 3395; x_wconf 86' lang='lat' dir='ltr'><strong>aut</strong></span> <span class='ocrx_word' id='word_1_197' title='bbox 1103 3348 1156 3396; x_wconf 83' lang='lat' dir='ltr'><strong>ao·</strong></span> 
     </span>
     <span class='ocr_line' id='line_1_26' title="bbox 153 3444 1155 3547; baseline 0.008 -35"><span class='ocrx_word' id='word_1_198' title='bbox 153 3455 294 3515; x_wconf 90' lang='lat' dir='ltr'><strong>cusetur</strong></span> <span class='ocrx_word' id='word_1_199' title='bbox 310 3444 471 3544; x_wconf 90' lang='lat' dir='ltr'><strong>improbe</strong></span> <span class='ocrx_word' id='word_1_200' title='bbox 487 3448 532 3546; x_wconf 73' lang='lat'><strong>14,</strong></span> <span class='ocrx_word' id='word_1_201' title='bbox 550 3462 610 3521; x_wconf 89' lang='lat' dir='ltr'><strong>ant</strong></span> <span class='ocrx_word' id='word_1_202' title='bbox 627 3446 845 3522; x_wconf 88' lang='lat' dir='ltr'><strong>defendatur.</strong></span> <span class='ocrx_word' id='word_1_203' title='bbox 857 3447 932 3539; x_wconf 86' lang='lat' dir='ltr'><strong>Qui</strong></span> <span class='ocrx_word' id='word_1_204' title='bbox 942 3448 1038 3519; x_wconf 92' lang='lat' dir='ltr'><strong>enim</strong></span> <span class='ocrx_word' id='word_1_205' title='bbox 1054 3448 1155 3547; x_wconf 84' lang='lat' dir='ltr'><strong>sacta,</strong></span> 
     </span>
     <span class='ocr_line' id='line_1_27' title="bbox 155 3569 1152 3673; baseline 0.009 -35"><span class='ocrx_word' id='word_1_206' title='bbox 155 3592 200 3639; x_wconf 85' lang='lat' dir='ltr'><strong>an</strong></span> <span class='ocrx_word' id='word_1_207' title='bbox 225 3592 299 3640; x_wconf 91' lang='lat' dir='ltr'><strong>non</strong></span> <span class='ocrx_word' id='word_1_208' title='bbox 323 3569 460 3643; x_wconf 79' lang='lat' dir='ltr'><strong>facra1⁵</strong></span> <span class='ocrx_word' id='word_1_209' title='bbox 484 3574 621 3673; x_wconf 87' lang='lat' dir='ltr'><strong>largitio</strong></span> <span class='ocrx_word' id='word_1_210' title='bbox 646 3575 801 3673; x_wconf 91' lang='lat' dir='ltr'><strong>ignorari</strong></span> <span class='ocrx_word' id='word_1_211' title='bbox 824 3571 969 3672; x_wconf 82' lang='lat' dir='ltr'><strong>potestl</strong></span> <span class='ocrx_word' id='word_1_212' title='bbox 994 3573 1152 3647; x_wconf 87' lang='lat' dir='ltr'><strong>Tuorum</strong></span> 
     </span>
     <span class='ocr_line' id='line_1_28' title="bbox 155 3693 1151 3801; baseline 0.007 -38"><span class='ocrx_word' id='word_1_213' title='bbox 155 3706 272 3765; x_wconf 88' lang='lat' dir='ltr'><strong>antem</strong></span> <span class='ocrx_word' id='word_1_214' title='bbox 297 3693 472 3771; x_wconf 91' lang='lat' dir='ltr'><strong>bonorum</strong></span> <span class='ocrx_word' id='word_1_215' title='bbox 498 3726 639 3798; x_wconf 88' lang='lat' dir='ltr'><strong>cursus,</strong></span> <span class='ocrx_word' id='word_1_216' title='bbox 677 3700 735 3772; x_wconf 91' lang='lat' dir='ltr'><strong>cui</strong></span> <span class='ocrx_word' id='word_1_217' title='bbox 766 3712 951 3799; x_wconf 90' lang='lat' dir='ltr'><strong>suspectus</strong></span> <span class='ocrx_word' id='word_1_218' title='bbox 984 3724 1151 3801; x_wconf 90' lang='lat' dir='ltr'><strong>umquam</strong></span> 
     </span>
     <span class='ocr_line' id='line_1_29' title="bbox 155 3798 1201 3927; baseline 0.011 -39"><span class='ocrx_word' id='word_1_219' title='bbox 155 3815 240 3891; x_wconf 80' lang='lat' dir='ltr'><strong>fuiti</strong></span> <span class='ocrx_word' id='word_1_220' title='bbox 273 3821 330 3892; x_wconf 89' lang='lat' dir='ltr'><strong>Me</strong></span> <span class='ocrx_word' id='word_1_221' title='bbox 355 3822 540 3924; x_wconf 88' lang='lat' dir='ltr'><strong>miserum,</strong></span> <span class='ocrx_word' id='word_1_222' title='bbox 578 3798 736 3924; x_wconf 83' lang='lat' dir='ltr'><strong>quinon</strong></span> <span class='ocrx_word' id='word_1_223' title='bbox 761 3823 934 3898; x_wconf 83' lang='lat' dir='ltr'><strong>affuerim!</strong></span> <span class='ocrx_word' id='word_1_224' title='bbox 973 3850 1063 3927; x_wconf 91' lang='lat' dir='ltr'><strong>quos</strong></span> <span class='ocrx_word' id='word_1_225' title='bbox 1088 3849 1201 3924; x_wconf 71' lang='lat' dir='ltr'><strong>ego&lt;</strong></span> 
     </span>
    </p>
   </div>
   <div class='ocr_carea' id='block_1_2' title="bbox 0 0 1323 4854">
    <p class='ocr_par' dir='ltr' id='par_1_2' title="bbox 0 0 1323 4854">
     <span class='ocr_line' id='line_1_30' title="bbox 0 0 1323 4854; baseline 0 0"><span class='ocrx_word' id='word_1_226' title='bbox 0 0 1323 4854; x_wconf 95' lang='lat' dir='ltr'><strong> </strong></span> 
     </span>
    </p>
   </div>
  </div>
 </body>
</html>
