2626 4854
268 338 315 413 50
608 357 783 408 nrrsront
809 359 923 407 cccvi.
1047 354 1079 403 s.
1096 358 1130 405 v.
1149 357 1177 402 c.
1196 354 1247 414 :0³

317 464 339 536 3
364 460 513 538 Laetafi·
528 473 564 534 te
587 474 708 533 nostra
733 458 974 533 moderatione
999 472 1036 529 et
1052 458 1272 530 continentia

265 589 381 665 video.
406 588 501 661 Tum
534 586 572 659 id
588 589 698 685 magis
730 585 884 684 faceres,
915 585 945 656 si
977 583 1126 657 adesses.
1152 587 1272 685 Atque

265 713 336 788 hoc
360 714 456 811 foro,
481 712 579 814 quod
603 713 658 810 egi
683 738 727 783 ex
750 711 872 784 Idibus
896 709 999 783 Febr.
1022 710 1222 783 Laodiceae
1240 713 1273 761 ¹⁶

266 838 312 912 ad
336 837 484 910 Kalend
510 838 591 910 Mai.
617 838 774 909 omnium
800 836 1030 935 dioecesium,
1054 849 1194 935 praeter
1212 836 1271 908 Ci-

263 963 383 1062 liciae,
413 961 585 1035 mirabilia
612 961 786 1063 quaedam
818 961 1017 1033 effecimus:
1049 962 1100 1032 ita
1136 959 1270 1032 multae

265 1090 425 1165 civitates
450 1089 548 1162 omni
573 1113 652 1160 aere
677 1088 793 1160 alieno
809 1086 992 1186 liberatae,
1015 1086 1147 1159 multae
1163 1086 1270 1160 valde

264 1214 401 1288 levatae
427 1228 523 1313 sunt,
549 1238 671 1286 omnes
697 1213 768 1285 suis
793 1212 929 1311 legibus
953 1226 990 1284 et
1013 1212 1150 1284 iudiciis
1167 1239 1270 1312 usae,

264 1343 442 1433 αὐτονομίαν
467 1338 636 1438 adeptae,
660 1340 869 1412 revixerunt
888 1339 952 1411 His
968 1365 1034 1437 ego
1052 1337 1192 1412 duobus
1211 1365 1269 1437 ge-

263 1464 405 1538 neribus
423 1481 452 1531 ¹⁷
479 1464 681 1538 facultatem
705 1464 752 1538 ad
768 1491 805 1538 se
823 1491 902 1538 aere
919 1464 1033 1537 alieno
1049 1464 1266 1565 liberandas,

267 1607 329 1666 aut
352 1592 520 1666 levandas
544 1591 650 1691 dedi,
674 1617 768 1691 uno,
800 1591 897 1693 quod
921 1593 1065 1664 omnino
1090 1591 1208 1664 nullus
1231 1592 1269 1663 in

263 1719 411 1819 imperio
428 1745 509 1792 meo
525 1731 660 1792 sumtus
674 1718 786 1791 factus
804 1732 859 1791 est
875 1717 1026 1807 (nullum
1042 1744 1152 1818 quum
1170 1717 1268 1818 deo,

264 1852 338 1917 non
362 1844 491 1946 loquor
515 1846 759 1941 ὑπερβολικῶς),
792 1843 925 1943 nullus,
948 1846 1113 1945 inquam,
1145 1869 1192 1916 ne
1215 1857 1268 1916 te-

263 1971 403 2043 runcius
429 1971 581 2072 quidem.
616 1972 695 2044 Hac
729 1985 845 2042 autem
871 1997 927 2067 re,
961 1970 1167 2043 incredibile
1193 1986 1267 2068 est,

264 2110 433 2196 quantum
469 2099 629 2189 civitates
661 2098 874 2168 emerserint
902 2096 1060 2168 Accessit
1091 2095 1202 2171 altera
1227 2100 1265 2171 ¹⁸.

264 2223 353 2294 Mira
379 2236 478 2294 erant
502 2225 540 2293 in
565 2221 768 2295 civitatibus
799 2224 958 2322 ipsorum
988 2201 1083 2297 fiirta
1110 2224 1265 2297 Graeco·

263 2371 359 2444 rum,
391 2372 479 2447 quae
509 2348 734 2444 magistratus
759 2349 812 2419 sui
841 2363 871 2413 ¹9
902 2346 1065 2420 fecerant
1099 2350 1269 2440 Quaesivi,

186 2484 189 2491 '
264 2472 340 2570 ipse
357 2471 401 2544 de
417 2472 476 2571 iis,
502 2473 564 2572 qui
581 2474 682 2546 annis
700 2473 822 2545 decem
839 2474 1007 2573 proximis
1024 2472 1266 2572 magistratum

263 2612 451 2693 gesserant.
463 2599 595 2701 Aperte
612 2597 819 2671 fatebantur.
836 2600 974 2700 Itaque,
991 2601 1066 2672 sine
1082 2598 1153 2672 ulla
1170 2604 1266 2698 igno-

261 2722 386 2822 minia,
411 2725 482 2797 suis
508 2723 662 2796 humeris
695 2725 863 2824 pecunias
895 2724 1037 2825 populis
1061 2725 1264 2799 retulerunt

261 2844 388 2947 Populi
407 2863 541 2947 autem,
557 2849 654 2921 nullo
673 2852 803 2947 gemitu
822 2865 871 2948 ²⁰,
896 2849 1111 2951 publicanis,
1139 2852 1266 2953 quibus

260 2970 330 3044 hoc
355 2975 432 3072 ipso
457 2974 569 3046 lustro
595 2974 682 3047 nihil
710 2976 904 3074 solverant,
937 2978 1043 3048 etiam
1074 2978 1265 3077 superioris

259 3096 360 3170 lustri
383 3099 622 3173 reddiderunt
649 3102 771 3203 Itaque
797 3101 994 3201 publicanis
1018 3102 1057 3174 in
1077 3101 1191 3182 oculis
1208 3131 1266 3177 su·

259 3247 345 3296 mus.
372 3226 506 3323 Gratis,
531 3227 663 3326 inquis,
688 3228 771 3300 viris
788 3243 829 3297 ²¹.
855 3228 1042 3301 Sensimus.
1053 3229 1130 3302 lam
1148 3243 1265 3302 cetera

259 3348 451 3423 iurisdictio
477 3376 543 3422 nec
570 3352 754 3450 impedita,
790 3367 827 3424 et
858 3353 1010 3425 clemens
1044 3380 1128 3426 cum
1153 3355 1266 3427 admi·

257 3473 358 3546 rabili
382 3476 556 3549 facilitate.
582 3476 710 3550 Aditus
736 3493 853 3550 autem
879 3479 925 3551 ad
941 3505 998 3551 me
1018 3481 1165 3553 minime
1183 3508 1277 3581 pru·-

231 3596 421 3674 'vinciales
448 3619 489 3672 ²².
515 3601 610 3675 Nihil
643 3629 706 3702 per
738 3604 996 3676 cubicularium.
1022 3607 1115 3679 Ante
1147 3607 1270 3679 lucem

256 3725 516 3800 inambulabam
534 3727 647 3827 domi,
661 3742 702 3801 ut
718 3729 803 3802 olim
817 3730 1033 3804 candidatus.
1048 3733 1162 3806 Grata
1175 3732 1270 3806 haec

257 3869 293 3927 et
317 3882 458 3956 magna,
482 3855 637 3959 mihique
663 3857 821 3938 noudum
846 3857 1022 3933 laboriosa
1048 3884 1092 3932 ex
1117 3857 1179 3932 illa
1204 3884 1280 3954 re·-

257 3993 329 4053 tere
355 3980 476 4057 militia
495 3984 535 4052 ²³.
