2626 4854
632 336 905 390 Auuorlrtoots

657 547 883 612 cclxxxvi.

269 784 281 827 1
304 765 382 851 Mu..
396 766 510 849 parom
530 764 608 825 libet.

266 895 285 934 2
305 873 377 936 Mes.
397 873 514 955 aliquot
533 870 688 946 abactam,
707 869 876 945 auruum,
894 877 927 930 et
945 868 993 935 ed.
1014 867 1098 932 Med.
1116 867 1264 935 Alcaeum

303 978 405 1044 hicet
424 981 457 1046 io
476 999 524 1063 eo
543 999 605 1063 aeq.
625 979 709 1040 Tum
728 976 809 1039 iofra
829 976 942 1039 Alucia
958 986 1017 1039 eto.

645 1190 884 1257 cctxxxvlt

266 1430 279 1470 1
301 1406 409 1470 Lamb.
428 1406 473 1469 od
492 1419 536 1485 tet
555 1415 644 1468 recte.
663 1405 742 1467 Nom
761 1404 835 1467 dole
856 1405 956 1467 litem
974 1403 1068 1466 alictii
1084 1413 1135 1467 ost
1154 1405 1184 1465 ei
1212 1412 1264 1465 lra-

302 1517 375 1579 dere
395 1516 496 1579 literas
514 1512 705 1590 deferendam
724 1512 798 1574 dam
817 1513 861 1574 ad
879 1514 1026 1597 clunem,
1046 1515 1075 1575 ei
1097 1511 1235 1573 scribere.

264 1645 283 1684 o
303 1622 375 1686 Scil.
392 1623 495 1684 frater·
523 1622 603 1696 llos,
629 1642 678 1683 me
702 1632 733 1684 et
758 1620 867 1685 filium.
895 1622 932 1684 lo
957 1640 1022 1703 seq.
1048 1618 1195 1681 membro
1220 1617 1264 1679 alii

303 1729 398 1791 edunt
418 1729 453 1789 Io
471 1730 550 1790 euim
568 1727 640 1791 dies.

264 1838 284 1899 3
304 1837 366 1916 Qui
386 1846 417 1898 te
436 1835 552 1913 dourit3
576 1856 624 1920 ep.
642 1835 809 1898 DCLXVl.
830 1833 954 1897 Gortius.
981 1832 1051 1896 Hoc
1078 1833 1206 1896 nomine
1228 1832 1261 1891 si-

303 1941 441 2025 gnificat,
460 1964 492 2006 ee
512 1943 627 2005 Tirone
647 1942 757 2005 liberto
777 1963 835 2003 suo
854 1941 943 2005 valde
962 1940 1161 2004 familiariter
1180 1940 1231 1999 uti.

262 2050 284 2129 4
303 2053 381 2113 Ante
401 2053 504 2112 omnio
522 2061 553 2113 te
573 2061 729 2134 exspect03
748 2051 775 2113 oi
795 2051 895 2113 minus
914 2059 960 2124 te,
975 2047 1087 2109 saltem
1100 2047 1262 2109 Marionem

303 2178 375 2219 cum
395 2159 454 2218 tuis
474 2158 580 2219 literis.

263 2261 284 2323 5
307 2261 443 2345 Quotidie
463 2263 549 2324 nihili
570 2273 601 2324 et
620 2264 764 2326 vitiosum
783 2273 837 2325 est
857 2262 907 2325 Ex
926 2271 1011 2323 rect
1037 2261 1140 2324 verbo
1163 2280 1263 2345 prope·

302 2370 378 2428 raris
396 2380 480 2452 patet
499 2369 660 2453 legendum
679 2372 751 2432 satis
774 2372 831 2433 cuo
852 2383 879 2431 te
899 2368 1012 2443 videro,
1031 2368 1083 2431 vel
1110 2370 1186 2431 satis
1209 2367 1263 2451 qui-

302 2472 372 2535 dem
391 2486 419 2536 te
439 2498 463 2538 v.
472 2521 484 2552 ‚
508 2488 544 2539 ut
570 2488 600 2539 ct
626 2478 699 2539 alibi
726 2478 789 2540 fere
814 2489 872 2551 est,
890 2498 918 2539 v.
939 2498 966 2537 c.
989 2497 1037 2558 ep.
1060 2498 1127 2559 seq.
1149 2476 1220 2539 saul
1241 2485 1261 2536 to

191 2586 197 2597 '
302 2596 415 2648 mature
435 2606 460 2646 v.
480 2584 644 2649 Erneslius.
665 2587 792 2669 Recepit
812 2584 980 2646 Schiitzius.

640 2799 892 2866 CCLXXXVlll.

267 3031 277 3071 1
302 3011 358 3071 Ed.
380 3012 437 3075 Ro.
459 3014 500 3074 Et
521 3013 622 3076 Cicero
642 3037 724 3077 rieul
743 3030 782 3080 et.

263 3137 280 3175 2
301 3117 379 3176 Edd.
399 3140 446 3200 pr.
467 3122 613 3198 turbatum
633 3134 664 3183 et
684 3145 753 3184 mox
773 3123 821 3185 ed.
842 3124 948 3186 Minut.
965 3122 1157 3205 paullulum.

263 3224 282 3283 3
303 3223 391 3283 llmb.
412 3228 446 3298 3,
466 3227 538 3288 Rec
560 3250 630 3290 oum
651 3231 718 3294 edd.
739 3231 819 3293 Med.
841 3243 872 3292 et
892 3232 966 3291 leus.
986 3251 1057 3313 quo.

261 3329 282 3406 4
302 3329 391 3390 Multi
411 3331 481 3394 libri
500 3336 571 3396 satis
590 3338 667 3398 enr'm
686 3350 715 3398 te
735 3359 773 3398 m.
794 3360 840 3413 u,
860 3337 998 3399 veleatis
1016 3338 1100 3397 euim
1122 3359 1165 3398 m.
1186 3349 1211 3399 te
1227 3355 1248 3393 ν.

261 3435 283 3496 5
302 3437 391 3500 Amb.
416 3437 452 3499 15
471 3442 656 3506 curaoouem.
679 3444 909 3516 Κακοστὸμαχος,
928 3442 1088 3504 stomacho
1118 3446 1201 3506 enim
1220 3443 1257 3501 io·

301 3543 391 3607 firmo
417 3547 568 3610 iurulenta
593 3572 656 3612 noo
685 3555 876 3613 conveniunt
899 3548 952 3610 Ad
975 3550 1061 3610 illum
1066 3595 1077 3624 ‚
1107 3551 1151 3613 ad
1170 3549 1257 3613 Ascla·
1301 3616 1303 3639 Ι

301 3672 412 3732 ponem
432 3654 583 3716 medicum
604 3671 709 3735 tuum;
729 3680 776 3742 ep.
799 3657 944 3720 CCXCll.
956 3655 1011 3718 Ad
1023 3656 1194 3739 Lysonem,
1208 3656 1254 3717 Pa-

301 3767 447 3837 trensem3
468 3784 515 3844 ep.
536 3765 781 3829 CDLXXXVll.

262 3859 283 3920 6
303 3864 353 3923 Μ’.
374 3865 518 3943 Curium,
538 3873 590 3953 qui
611 3873 710 3934 Patris
736 3872 962 3956 negotiabatur,
989 3872 1150 3939 Ciceronis
1169 3868 1255 3934 Attici·

304 3991 363 4052 que
383 3962 580 4059 familiaremt
596 4002 665 4065 epp.
686 3983 889 4048 CDLXXXV
909 3992 940 4045 et
958 3981 1105 4049 DCLlV.
