2626 4854
279 304 351 375 238
601 329 775 376 nrrsroan
801 331 950 377 ccxcvn.
1062 329 1094 376 n.
1109 333 1144 377 v.
1163 334 1191 379 c.
1209 333 1252 394 703

662 558 871 632 CCXCVII.
1044 601 1254 662 (manvus)

275 737 495 817 Argumentum.
517 736 556 795 Se
577 737 615 795 de
635 758 668 798 re
689 735 811 817 publica
832 736 920 796 valde
942 741 1049 799 timere
1068 738 1186 800 scribit.
1247 792 1254 805 Χ

445 973 497 1022 sa.
518 971 548 1021 s.
567 970 599 1023 v.
618 971 645 1022 u
665 971 790 1038 neum,
809 971 877 1023 caca
895 970 958 1023 nn
979 930 1036 1024 n'n
1057 973 1114 1026 nn.

585 1213 732 1278 elenau
756 1213 907 1279 ATTICO
932 1214 963 1279 S.

322 1456 434 1531 Plane
459 1455 575 1554 deest,
600 1453 699 1557 quod
724 1454 770 1529 ad
796 1469 831 1527 te
856 1454 1024 1557 scribam,
1051 1470 1138 1529 nota
1165 1461 1270 1530 omnia

274 1582 339 1657 u'bi
364 1597 462 1683 sunt,
488 1608 553 1655 nec
579 1583 654 1682 ipse
679 1582 812 1681 habeo,
829 1610 848 1656 a
867 1597 902 1655 te
924 1582 1049 1687 qu0d¹
1068 1599 1268 1685 exspectem.

275 1710 432 1785 Tantum
460 1710 566 1808 igitur
598 1721 759 1782 nostrum
789 1708 877 1782 illud
902 1708 1058 1783 solemne
1085 1737 1271 1809 servemus,

274 1850 314 1909 ut
338 1862 383 1909 ne
409 1863 514 1938 quem
538 1836 628 1909 istuc
655 1850 797 1909 euntem
822 1837 899 1909 sine
923 1835 1033 1911 literis
1051 1836 1270 1913 dimittamus.

272 1965 327 2038 De
352 1990 389 2035 re
415 1963 557 2063 publica
583 1963 686 2037 valde
720 1964 844 2036 timeo:
876 1989 943 2036 nec
976 1963 1095 2039 adhuc
1132 1965 1205 2039 fere
1228 1967 1268 2037 in

272 2091 370 2188 veni,
387 2091 538 2190 quinon
555 2088 823 2163 concedendum
840 2104 982 2191 putaret
1006 2092 1170 2190 Caesari,
1185 2090 1268 2193 quod

272 2208 485 2316 postularet,
509 2217 645 2316 potius,
671 2242 778 2323 quam
807 2216 1093 2318 depugnandum
1129 2221 1199 2313 Eu
1221 2217 1288 2299 illa¹

272 2339 414 2442 quidem
446 2343 671 2444 postulati0²
697 2345 866 2445 opinione
898 2343 1083 2419 valentior.
1117 2347 1194 2420 Cur
1222 2371 1268 2417 an·

272 2480 344 2541 tem
369 2495 464 2543 nunc
489 2471 642 2570 primum
668 2471 700 2543 ei
725 2470 976 2546 resistamusI³
1002 2473 1037 2542 οὐ
1062 2476 1122 2569 γὰρ
1150 2474 1189 2548 δὴ
1213 2472 1267 2542 τάδε

271 2603 373 2694 μεῖζον
399 2603 447 2666 ἔπι
471 2596 598 2697 amini,
625 2624 731 2698 quam
756 2626 866 2700 quum
892 2599 1176 2700 quinquennium
1196 2625 1265 2701 pro·

268 2723 500 2824 rogabamus,
526 2739 586 2798 aut
611 2752 737 2825 quum,
764 2740 803 2798 ut
830 2724 983 2798 absentis
1008 2727 1100 2799 ratio
1132 2727 1264 2800 habere·

268 2863 343 2948 tur,
367 2850 570 2924 ferebamus.
597 2852 673 2926 Nisi
698 2852 788 2926 forte
813 2853 900 2955 liaeo
925 2851 976 2923 illi
993 2867 1071 2926 tum
1089 2880 1188 2926 arma
1213 2853 1263 2925 de·

270 2975 403 3076 dimus,
434 2992 474 3050 ut
507 3005 600 3052 nunc
635 3006 715 3052 cum
747 2978 837 3052 bene
870 2993 995 3079 parato
1028 3006 1262 3080 pugnaremus.

267 3104 389 3202 Dices,
415 3104 501 3206 quid
526 3120 563 3178 tu
582 3108 686 3205 igitur
703 3134 865 3180 sensurus
883 3106 942 3180 es?
959 3133 1032 3179 non
1050 3108 1164 3208 idem,
1181 3105 1262 3210 quod

269 3227 433 3302 dicturus.
462 3232 617 3305 Sentium
643 3234 737 3305 enim
763 3228 880 3306 oinnia
908 3234 1086 3333 facienda,
1107 3261 1154 3307 ne
1172 3233 1261 3307 armis

248 3424 251 3437 ,
268 3354 481 3456 decertetur,
502 3359 616 3432 dicam
633 3360 744 3457 idern,
762 3361 859 3462 quud
876 3362 1086 3459 Pompeius,
1104 3387 1215 3463 neque
1229 3356 1259 3428 id

189 3480 206 3555 ”.
264 3480 391 3554 faciam
408 3483 531 3557 humili
549 3489 675 3559 animo.
690 3460 770 3559 ,Sed
787 3489 932 3560 rursus⁵
953 3486 1021 3559 hoc
1039 3510 1255 3587 permagnum

263 3611 314 3681 rei
340 3609 502 3710 publicae
534 3612 665 3685 malum
698 3629 763 3688 est:
790 3630 827 3686 at
852 3614 1006 3713 quodam
1042 3615 1153 3687 modo
1184 3608 1251 3684 mihi
1307 3660 1310 3667 ·

262 3751 401 3834 praeter
427 3754 561 3812 ceteros
587 3766 660 3813 non
686 3756 837 3840 rectum,
868 3742 987 3814 mein
1023 3743 1131 3816 tantis
1164 3737 1246 3814 rebus
1308 3732 1310 3739 ’

263 3888 285 3938 a
309 3866 479 3966 Pompeio
506 3867 683 3943 dissidere.
