2678 4860
227 343 273 414 28
572 364 744 412 uursrour
769 366 870 412 ccnn.
1004 367 1035 413 a.
1056 368 1085 414 v.
1105 369 1132 413 o.
1153 365 1199 427 7⁰³

225 465 313 538 tavi:
339 489 487 566 quornm
512 490 622 539 unum
647 479 700 538 est
724 465 939 566 provinciale
953 471 1002 567 7⁶7
1027 469 1151 569 inquo
1170 480 1225 542 est

220 589 264 663 de
288 589 481 664 rationibus
508 593 710 690 civitatum,
736 591 780 664 de
806 619 884 666 aere
910 592 1042 693 alieno,
1074 593 1118 666 de
1144 622 1224 666 nsua

217 741 275 817 ra,
299 716 344 788 de
369 717 595 819 syngraphis5
619 719 657 790 in
684 718 810 791 eodem
835 720 953 792 omnia
988 719 1031 791 de
1063 719 1224 820 publica-

218 844 273 917 nis
300 861 347 916 77:
373 842 539 944 altemm‚
563 843 661 945 quod
685 845 760 918 sine
785 845 903 918 edicto
929 848 1012 918 satis
1036 847 1224 919 commode

218 962 363 1060 transigi
387 988 460 1035 non
485 976 621 1063 potest,
654 963 698 1037 de
730 963 965 1055 hereditatum
991 966 1223 1064 possessioni-

216 1087 307 1189 bus,
333 1087 505 1162 debonis
530 1090 768 1190 possidendis,
802 1090 1018 1190 vendendis,
1047 1092 1222 1190 magistris

219 1215 386 1289 faciendis
413 1218 465 1288 7⁸:
499 1243 588 1316 quae
619 1239 663 1289 ex
687 1216 803 1290 edicto
830 1231 866 1289 et
890 1215 1059 1316 postulari
1085 1231 1121 1289 et
1146 1219 1223 1290 fieri

218 1342 341 1415 solent.
354 1344 529 1442 Tertium,
547 1342 591 1415 de
608 1343 743 1444 reliquo
760 1345 834 1416 iure
853 1343 1018 1440 dicundo,
1036 1350 1173 1439 ἄγραφον
1189 1361 1222 1408 79

216 1468 350 1570 reliqui.
376 1471 456 1541 Dixi
485 1495 542 1542 me
576 1469 619 1542 de
653 1495 695 1542 eo
728 1496 852 1568 genere
884 1496 962 1542 mea
1001 1470 1141 1543 decreta
1175 1470 1222 1542 ad

218 1594 333 1668 edicta
358 1595 492 1668 urbana
521 1595 884 1669 accommodaturum:
914 1598 1031 1696 itaque
1050 1622 1150 1694 curo,
1185 1611 1222 1669 et

220 1716 395 1794 satisfacio
421 1718 536 1795 adhuc
562 1722 734 1795 omnibus.
759 1723 884 1796 Gracci
910 1747 994 1795 vero
1021 1719 1219 1820 exsultant,

218 1848 316 1949 quod
339 1848 531 1948 peregrinis
557 1836 773 1922 iudicibus8⁰
799 1861 954 1922 utuntur.
981 1846 1219 1947 Nugatoribus

217 1975 376 2077 quidem,
401 1977 545 2077 inquies.
571 1976 667 2078 Quid
691 1975 816 2050 referti
842 1990 959 2049 tamen
985 2001 1022 2048 se
1040 1980 1219 2068 αὐτονομίαν

218 2099 366 2201 adeptos
391 2116 527 2201 putant.
545 2101 663 2175 Vestri
680 2103 771 2175 enim
789 2104 835 2201 ⁸¹,
862 2097 989 2199 credo,
1016 2127 1137 2200 graves
1159 2101 1219 2189 ba·

216 2226 317 2325 bont,
335 2227 551 2326 Turpionem
568 2228 755 2326 sutorium,
780 2241 815 2299 et
832 2226 991 2300 Vettium
1009 2228 1217 2326 mancipem.

272 2354 313 2425 13
339 2353 392 2425 De
418 2353 613 2452 publicanis
634 2352 720 2455 quid
747 2381 864 2453 agam,
890 2354 1018 2428 videris
1044 2379 1218 2454 quaerere.

215 2477 338 2552 Habeo
364 2481 401 2551 in
428 2478 557 2552 deliciis
565 2535 575 2578 7
600 2480 792 2582 obsequor,
817 2479 934 2554 verbis
958 2480 1066 2552 laudo
1073 2534 1083 2579 ,
1110 2506 1216 2580 orn03

216 2608 348 2706 efficio,
372 2632 417 2680 ne
443 2610 499 2680 cni
524 2607 662 2681 molesti
688 2609 765 2681 sint.
791 2613 834 2677 Τὸ
855 2609 1112 2709 παραδοξότατον,
1138 2636 1220 2681 usu·

216 2761 272 2808 ras
290 2760 427 2834 eorum,
453 2762 538 2837 quas
555 2735 778 2835 pactionibus
795 2736 826 2786 θ’
850 2734 1124 2835 adscripserant,
1150 2762 1218 2808 ser·

216 2863 316 2936 ravit
341 2859 447 2934 etiam
471 2861 645 2936 Servilius.
671 2864 748 2960 Ego
774 2863 844 2935 sic:
871 2861 963 2934 diem
983 2869 1107 2934 'statuo
1133 2864 1217 2936 satis

214 2985 330 3060 laxam
355 2987 403 3086 ⁸³3
431 3014 535 3089 quam
561 2994 642 3061 ante
667 2988 697 3062 si
721 2987 914 3088 solverint,
947 2988 1027 3062 dico
1053 3015 1109 3060 me
1137 3015 1217 3062 cena

216 3115 356 3186 tesimas
375 3112 579 3212 ducturum3
604 3114 633 3186 si
646 3112 921 3214 nonsolverint,
936 3141 978 3186 ex
995 3112 1159 3214 pactione
1173 3115 1215 3186 84.

214 3244 337 3343 Itaque
363 3255 400 3313 et
423 3242 550 3314 Graeci
575 3241 717 3313 solvunt
741 3240 913 3314 tolerabili
938 3241 1056 3315 fenore
1063 3271 1073 3343 3
1099 3258 1134 3316 et
1151 3271 1215 3344 pn*

213 3367 359 3441 blicanis
384 3394 439 3440 res
471 3382 525 3440 est
557 3369 758 3467 gratissima.
796 3368 853 3440 Sic
884 3368 943 3440 illa
975 3370 1046 3440 iam
1082 3367 1216 3442 habent

213 3496 320 3598 pleno
346 3495 489 3595 modio,
525 3505 712 3579 verborum
743 3492 935 3594 honorem,
971 3497 1216 3571 invitationem

216 3626 373 3699 crebram
390 3628 431 3699 ⁸5.
459 3632 554 3723 Quid
580 3632 705 3732 plural
731 3648 812 3709 sunt
837 3661 958 3708 omnes
984 3635 1032 3705 ita
1058 3631 1144 3704 milri
1169 3630 1216 3702 fa-

139 3822 142 3830 .
213 3753 379 3858 miliaro,
403 3772 443 3830 ut
469 3785 506 3832 se
532 3761 677 3862 quisque
702 3764 851 3836 maxime
877 3772 987 3863 putet.
1001 3760 1071 3834 Sed
1096 3773 1214 3834 tarncn

215 3884 309 3976 μηδὲν
333 3888 434 3966 αὐτοῖς
461 3888 503 3962 ⁸⁶.
529 3887 603 3960 Seis
629 3888 769 3989 reliqua.
