2626 4854
183 373 233 445 86
516 389 685 440 nrrsrona
709 392 835 440 cccxii.
961 388 994 438 Δ.
1011 392 1045 438 v.
1064 390 1094 438 e
1112 388 1154 451 ,οε

180 521 239 568 me
261 507 467 567 ornamenta
491 494 540 565 ad
564 507 599 565 te
623 494 890 592 proficiscentiu
911 507 941 542 ¹²
947 547 961 591 ‚
991 505 1035 564 ut
1060 517 1154 565 omn«

179 620 392 719 intelligant,
415 646 436 691 a
460 645 518 690 me
542 618 699 691 habitam
723 644 799 691 esse
816 619 991 691 rationem
1007 631 1092 689 tuae
1108 643 1154 691 mi

181 749 364 848 intumque
387 760 530 818 tuomm
554 745 743 842 dignitatis.
777 743 848 816 Sed
872 744 912 816 id
937 743 1073 816 facilius
1099 768 1154 816 cor

182 899 323 973 sequar,
347 873 376 943 si
401 872 448 943 ad
472 872 590 942 mein
614 868 775 942 Ciliciam
799 870 955 967 veneris3
988 869 1089 970 quod
1120 894 1154 967 ep

182 1012 221 1071 et
242 1024 338 1096 mea,
361 1010 398 1069 et
421 998 472 1070 rei
496 995 680 1095 publicae,
704 1008 742 1068 et
757 997 908 1068 maxime
933 1008 996 1067 tua
1023 997 1054 1044 ¹³
1078 995 1154 1072 inte

183 1149 258 1196 esse
282 1122 440 1196 arbitror.
463 1121 563 1194 Vale.

578 1372 769 1445 CCLXIIL
935 1411 1102 1472 (tantu,
1119 1412 1154 1457 η

182 1550 403 1630 Argumentum
423 1570 433 1608 1
451 1548 566 1607 Urbem
581 1570 600 1607 a
614 1570 644 1608 se
658 1549 821 1636 desiderari
835 1547 1000 1630 significan
1013 1569 1032 1606 2
1046 1559 1078 1608 et
1091 1569 1154 1635 qun¹

222 1656 367 1716 discessus
381 1658 567 1736 eprovincia
586 1658 824 1736 appropinquet,
842 1658 928 1736 petit,
949 1665 984 1714 ut
995 1654 1118 1715 Caelius
1132 1656 1153 1713 si

222 1761 322 1821 literas
343 1762 466 1821 obviam
487 1765 597 1823 mittat

328 1940 384 1993 scr.
400 1942 428 1992 n
445 1941 534 1992 cuni.
552 1941 582 1990 a.
600 1938 634 1991 v.
652 1939 681 1990 c.
702 1939 827 2006 uccm,
845 1958 933 1992 menie
950 1941 1039 1993 nnio.

204 2138 248 2200 M.
273 2139 309 2200 T.
333 2137 479 2201 CICERO
504 2137 586 2199 tlte.
610 2137 654 2198 M.
679 2136 824 2201 CAELIO
848 2137 985 2211 AEDILI
1011 2139 1154 2204 CVRVL'.

637 2254 667 2316 S.
691 2253 730 2315 D.

236 2521 249 2565 1
278 2493 441 2567 Solicitus
466 2494 628 2596 equidem
645 2519 741 2567 eram
759 2494 804 2566 de
825 2494 929 2568 rebus
946 2495 1114 2596 urbanis3
1136 2497 1154 2568 il

183 2619 417 2693 tumultuosae
434 2623 622 2693 conciones
637 2638 666 2718 ¹,
691 2622 739 2692 ita
756 2620 926 2693 molestae
943 2622 1154 2724 Quinquatrt

182 2747 431 2845 afferebantur3
455 2761 538 2820 nam
556 2747 717 2820 citeriora
729 2763 744 2793 ²
762 2747 923 2841 nondum
946 2749 1154 2822 audiebamu:

182 2871 250 2942 Sed
277 2886 395 2946 tamen
420 2874 508 2946 nihil
531 2900 588 2946 me
620 2874 730 2970 magis
762 2872 982 2972 solicitabat,
1013 2874 1154 2976 quami

181 2994 238 3067 his
269 2996 440 3070 molestiis
473 3024 546 3071 nun
582 3025 656 3096 me,
688 3000 719 3070 si
744 3001 845 3098 qua³
871 2998 1021 3072 ridenda
1049 3013 1154 3073 essent

181 3119 296 3191 1idere
312 3135 430 3193 tecum
440 3151 451 3220 3
476 3137 559 3196 sunt
575 3125 668 3196 enim
685 3123 813 3220 multa3
838 3124 903 3197 sed
919 3150 960 3196 ea
978 3150 1055 3199 non
1073 3124 1154 3198 aude

182 3244 341 3318 scribere.
367 3247 460 3320 Illud
484 3249 629 3323 moleste
654 3249 750 3347 fero⁷
785 3249 873 3321 nibil
904 3276 962 3322 me
988 3250 1154 3323 adhnclu'

183 3368 229 3439 de
253 3370 357 3444 rebus
389 3373 518 3447 babere
543 3391 683 3447 tuarum
706 3374 894 3447 literarum.
928 3377 1068 3474 Quare,
1098 3376 1154 3448 etsi

184 3521 292 3593 quum
306 3511 344 3567 tu
356 3497 444 3570 haec
461 3499 563 3598 leges,
581 3527 646 3599 ego
662 3504 733 3576 iam
752 3526 907 3573 annuum
924 3500 1085 3573 munusl
1102 3527 1154 3574 cor

183 3620 315 3692 secero:
340 3636 458 3695 tamen
483 3626 608 3700 obviae
633 3626 719 3698 mihi
736 3626 842 3699 velim
859 3627 930 3698 sint
946 3626 1071 3699 literae
1089 3640 1154 3700 tua«

184 3770 273 3843 quae
298 3773 355 3818 me
380 3750 541 3823 erudiant
567 3752 611 3823 de
639 3753 736 3824 omni
753 3777 790 3824 re
807 3750 965 3850 publica,
992 3778 1038 3824 ne
1058 3753 1154 3854 hospi

184 3866 289 3965 plane
315 3875 461 3946 veniam.
476 3877 553 3948 Hoc
571 3876 711 3974 melius,
736 3902 841 3977 quam
859 3891 917 3974 tu,
941 3877 1060 3951 facere
1086 3904 1154 3952 nen

185 4006 312 4091 potest.
