2626 4854
534 339 571 388 III
597 336 786 388 ertsrotts
958 356 960 360 ’
1091 345 1164 420 279

156 460 174 500 a
198 443 284 501 Nunc
312 441 392 502 enim
421 452 487 502 erat
511 440 679 502 Laodiceae
700 444 731 500 in
752 443 839 516 Δεῖος
859 438 930 502 vide
949 461 998 525 ep.
1019 440 1114 516 CCL,
1135 465 1165 525 7.

198 549 316 610 Manui.

157 658 176 718 3
198 657 256 738 Ep.
278 655 456 715 CCXXXII.
478 653 535 729 Id,
555 654 638 736 qnod
659 656 795 738 proxime
817 656 970 736 sequitur,
990 675 1053 719 aon
1072 658 1162 718 estin

199 762 309 824 tmbb.
332 764 367 836 3,
389 785 422 843 7,
447 762 482 822 13
503 773 534 823 et
553 761 642 835 Rec,
663 772 694 826 at
715 760 803 823 emb.
829 760 865 825 15
884 761 916 823 id
935 782 1012 824 nunc
1033 773 1089 826 etc.

155 873 177 948 4
198 871 268 932 Rec.
291 882 323 932 ut
342 891 432 953 quma
451 869 578 950 primum
597 889 623 930 e.

603 1082 721 1145 CCLV.

160 1322 170 1361 r
196 1302 335 1376 locatur,
356 1300 428 1381 quia
449 1297 568 1358 Caelius
589 1316 712 1379 quoque
733 1296 834 1358 locum
855 1298 934 1361 inter
947 1298 1092 1363 Oratores
1105 1298 1163 1362 ob·

195 1406 320 1470 tinebat
341 1407 399 1488 Ep.
420 1405 613 1477 CCXLV,1:
634 1403 784 1485 Novi·ego
804 1426 854 1466 vos
873 1426 994 1488 magnos
1010 1421 1162 1492 patronas.

194 1515 312 1575 Manat.
334 1513 407 1574 Cod.
428 1514 499 1573 Rea.
520 1524 620 1573 nostru
639 1511 779 1572 oratoria.

155 1641 174 1680 α
195 1621 267 1681 Vid.
290 1641 336 1703 ep.
358 1640 419 1701 seq.
441 1620 470 1696 4.

154 1729 173 1789 3
196 1726 270 1787 Cod.
297 1726 415 1787 secund.
443 1724 492 1784 Ea
516 1725 574 1784 iam
603 1726 756 1784 consecuti.
783 1724 855 1785 Mox
881 1726 1025 1799 accessio,
1051 1725 1162 1787 scilicet
1247 1772 1251 1777 -

194 1834 309 1904 laudis,
328 1843 381 1893 aut
401 1832 507 1891 lamae.
529 1829 709 1902 Metuenda,
730 1852 768 1891 ne
782 1831 865 1913 quod
880 1830 978 1892 laudis
999 1829 1099 1913 adepti
1114 1853 1163 1893 sn·

193 1962 276 2013 mus,
296 1949 461 2023 prorogata
480 1939 636 2022 provincia
655 1937 744 1999 nobis
764 1936 887 2004 adimat.

152 2050 173 2126 4
194 2049 245 2108 Sic
268 2046 371 2107 Ambr.
392 2046 583 2128 quartusdec.
604 2066 675 2106 cum
696 2045 839 2128 vulgatis3
860 2045 911 2106 atii
931 2056 961 2106 et
977 2045 1122 2128 possimus
1134 2055 1166 2105 et

192 2156 340 2216 soleamus
361 2172 431 2214 cnm
452 2155 542 2235 regiis
563 2151 651 2215 codd.
672 2153 769 2214 Paris.

151 2262 172 2324 5
192 2263 275 2323 Idest
294 2262 348 2333 IV,
368 2272 421 2321 aut
434 2261 477 2321 III
491 2260 560 2321 Kal
576 2260 701 2322 Sextiles
717 2261 803 2343 (epp.
819 2260 912 2333 CCL,
927 2281 962 2342 73
976 2258 1113 2332 CCLVI,
1125 2259 1162 2337 4,

191 2370 303 2432 CCVII
329 2371 391 2429 init.
413 2378 442 2429 et
463 2367 586 2428 CCXIII
615 2369 726 2447 extr.);
748 2388 842 2450 quam
863 2369 1033 2433 antediem
1053 2365 1160 2430 Parthi

191 2497 317 2560 movere
336 2496 397 2536 non
418 2474 609 2536 videbantur.

151 2583 172 2644 6
193 2584 251 2666 Ep.
275 2582 398 2655 CCLII,
424 2602 468 2662 17.

153 2711 169 2772 7
191 2689 286 2751 Ludit
307 2689 474 2769 eleganter,
493 2698 526 2749 et
545 2707 616 2750 suae
637 2686 735 2756 laudis
757 2687 873 2768 aliquid
893 2686 1054 2758 admiscet,
1073 2686 1161 2766 quasi

188 2798 250 2859 hae
270 2797 350 2859 ferae
371 2796 508 2868 doleant,
529 2817 642 2856 senon
664 2797 773 2856 sentire
794 2793 1065 2889 solasufelicitatem
1086 2811 1160 2875 pro·

189 2906 309 2967 vinciae
329 2925 400 2964 suae
420 2903 556 2986 praeside
577 2905 738 2975 Cicerone,
757 2912 788 2963 et
809 2922 905 2984 quum
927 2900 1077 2961 latronem
1106 2909 1161 2960 aut

189 3013 398 3074 insidiatorem
418 3031 509 3071 nemo
531 3009 572 3070 ibi
598 3020 713 3070 metuat
739 3009 780 3070 ob
807 3008 996 3091 vigilantiam
1018 3017 1048 3068 et
1066 3005 1159 3067 'iusti-

189 3121 265 3180 tiam
286 3118 498 3202 proconsulis,
518 3117 575 3179 sibi
604 3117 775 3200 tranquillis
801 3138 864 3179 esse
889 3136 952 3177 non
978 3116 1086 3189 licere,
1107 3113 1159 3175 sed

191 3225 305 3286 insidiis
325 3236 429 3309 patere
449 3227 633 3286 venantium.
655 3224 683 3285 I.
705 3225 743 3285 F.
766 3223 945 3286 Gronovius:

150 3331 224 3394 8111
247 3333 317 3393 Asia
337 3332 514 3414 provincia,
534 3353 570 3392 ac
590 3330 718 3412 proinde
748 3340 832 3392 extra
859 3330 1013 3392 Ciceronis
1040 3326 1162 3388 iurisdi-

189 3441 330 3499 ctionem.
352 3438 413 3499 Zel.
434 3440 460 3499 A
481 3441 513 3498 in
535 3437 655 3498 Cariam
668 3471 708 3485 -·
721 3436 880 3498 discedere.

149 3567 170 3628 9
189 3545 271 3605 Male
292 3544 362 3605 libri
384 3547 487 3628 scripti
509 3546 626 3627 aliquot
647 3547 714 3628 ipsa
733 3545 812 3605 dies:
832 3566 902 3605 nam
917 3543 980 3603 dies
995 3560 1103 3623 genere
1118 3538 1159 3598 fe-

188 3654 307 3716 minino
328 3651 366 3712 de
387 3664 541 3734 tempore,
561 3674 622 3713 non
643 3652 680 3713 de
702 3664 783 3714 certa
804 3652 874 3725 die,
893 3661 928 3711 ut
948 3649 999 3708 hie
1019 3658 1077 3718 est,
1091 3644 1158 3727 ple·

190 3780 323 3841 rumque
343 3762 499 3842 accipitur.

157 3883 189 3925 ιο
209 3867 304 3929 Nonis
334 3867 449 3950 April,
480 3887 542 3949 quo
572 3866 621 3929 die
653 3867 743 3929 Matri
775 3868 876 3928 Delim
909 3883 996 3931 sacra¹
1022 3858 1157 3929 fiebant,
