2626 4854
268 331 340 406 332
630 345 905 402 tunoramonns

264 455 287 517 6
307 451 491 517 Huiusmodi
505 462 559 515 tua
571 470 646 534 erga
658 471 709 513 mc
722 452 832 514 studia
846 453 911 514 Illa
928 454 1010 533 ἰρεα,
1030 450 1274 535 supplicationes.

304 563 378 625 Mox
398 560 467 625 edd.
487 560 597 622 Minus
617 570 648 621 et
667 559 776 622 bamb.
797 560 998 623 colorantur.

265 690 284 753 7
306 670 460 744 Honores,
478 665 654 751 triumphus
674 678 706 729 et
726 667 974 751 supplicationes.

264 777 286 841 8
305 776 373 838 Hoc
391 779 538 839 nimirum
557 775 597 837 de
617 796 649 836 sc
670 775 739 857 ipso
758 774 926 859 praedicat

262 907 285 969 9
304 885 363 946 alii
381 884 517 946 fructum
538 881 595 943 sibi
617 891 798 966 proponunt
816 883 984 955 amicitiae,
1010 879 1161 954 honores,
1192 901 1271 942 com·

302 989 416 1064 moda,
448 988 567 1072 aliquid
587 990 729 1050 omnino:
764 1008 822 1071 ego
853 997 976 1072 praeter
1003 990 1173 1050 amicitiam
1199 987 1272 1049 nibil

303 1106 417 1181 specto.
430 1095 535 1157 Simile
556 1094 634 1156 illud
654 1096 828 1180 inLacl.9:
848 1096 1035 1170 Amicitiam,
1046 1117 1109 1158 non
1127 1117 1180 1179 spe
1199 1116 1270 1157 mer-

301 1203 381 1266 cedis
398 1202 537 1278 adducti,
555 1200 611 1264 scd
628 1201 710 1286 quod
727 1204 790 1264 circs
808 1205 903 1265 omnb
912 1190 1037 1286 fructur
1048 1205 1080 1266 iu
1091 1206 1160 1288 ipso
1172 1224 1268 1267 amon

301 1312 390 1384 inest,
409 1309 610 1394 expetendum
626 1321 777 1393 potamau.
797 1310 963 1372 Manutius.
1258 1294 1265 1311 ⁸

266 1437 303 1479 ro
322 1417 518 1479 Potissimum
538 1415 747 1499 auguralibus.
760 1416 833 1480 Mox
854 1415 901 1480 ed.
920 1417 979 1480 Ro.
1000 1431 1123 1502 uterquc
1143 1430 1269 1482 metum

301 1521 419 1584 deditus
437 1536 490 1585 est.

265 1652 296 1692 ιι
320 1630 424 1714 Vulgo
443 1652 511 1692 cum
530 1631 565 1692 iis
584 1631 716 1706 mrbus,
742 1630 796 1693 sed
816 1651 884 1693 own
903 1631 945 1693 ab
964 1630 1025 1694 boc
1044 1632 1124 1695 loco*
1137 1633 1265 1697 alienum

300 1739 418 1821 primus
437 1738 557 1800 sustulit
577 1736 743 1800 Ernestius.
761 1737 966 1801 Coniunctum
985 1741 1067 1801 cuim
1082 1762 1157 1801 cum
1170 1743 1266 1823 Appio

300 1865 333 1905 se
353 1845 460 1906 Cicero
479 1842 661 1929 profitetur,
679 1864 742 1905 non
763 1865 835 1906 cum
855 1844 972 1909 artibus
991 1845 1172 1928 studiisque.

264 1971 299 2012 ra
320 1951 371 2013 Sic
389 1952 439 2014 edi
458 1950 603 2013 volebant
620 1952 750 2015 Vrsinus
771 1961 803 2013 et
821 1950 999 2029 Ernestius3
1030 1963 1062 2015 ct
1091 1955 1136 2014 sic
1155 1952 1265 2015 habent

299 2079 371 2120 cum
397 2057 540 2121 Scbtitnio
567 2068 598 2122 ct
628 2057 748 2120 Clerico
774 2055 886 2121 nnbb.
919 2059 973 2133 13,
1002 2060 1056 2138 14,
1087 2058 1133 2121 15.
1164 2059 1264 2151 Vulgo

298 2164 372 2225 olim
393 2167 484 2228 velim.

262 2270 297 2331 13
317 2270 458 2354 Expressi
479 2269 639 2332 lectionem
658 2273 754 2332 nostri
773 2272 825 2350 14,
845 2272 906 2333 ch.
925 2271 968 2346 B,
987 2271 1060 2334 Res
1075 2282 1107 2335 et
1120 2273 1190 2335 edd.
1204 2294 1261 2335 om-

295 2378 382 2438 nium
402 2398 463 2459 pn,
484 2398 577 2460 quam
598 2376 757 2439 Schlltzius
778 2381 849 2439 satis
870 2381 1066 2454 concinnam,
1089 2383 1146 2442 etsi
1167 2384 1261 2442 minus

296 2482 432 2557 Clerico,
452 2482 527 2544 mihi
549 2494 629 2544 ccrtc
649 2484 803 2567 probavit.
832 2485 915 2547 Tum
939 2486 1020 2547 idem
1047 2485 1210 2549 Schiitzius
1224 2508 1259 2559 ¹er

295 2592 468 2652 coniectura
488 2613 568 2653 meos
587 2613 688 2652 omnes
697 2591 805 2672 fircera
823 2614 945 2674 posses,
965 2592 1048 2675 quod
1062 2615 1100 2654 ex
1115 2597 1201 2655 omni
1215 2595 1259 2654 Ci-

294 2700 411 2759 ceronis
430 2697 544 2758 familia
564 2719 654 2760 nemo
676 2710 769 2772 essct,
790 2721 880 2781 quem
897 2701 1013 2783 Appius
1028 2699 1160 2773 odisset,
1180 2721 1260 2785 prae·

292 2815 340 2865 ter
359 2826 456 2866 unum
475 2805 679 2867 Dolabellam.
692 2805 796 2887 Vulgo
811 2809 917 2889 quanti
934 2827 988 2887 ego
1008 2827 1113 2869 omncs
1134 2820 1200 2870 tum
1208 2807 1257 2891 fis·

293 2911 356 2982 cio,
377 2913 421 2971 uti
438 2924 470 2971 tu
489 2933 568 2972 nicos
580 2912 688 2993 sarcre
704 2933 816 2996 posses·

255 3016 293 3092 14
312 3013 455 3077 Pertinet.
478 3016 579 3078 Habet
598 3021 749 3079 rationem
764 3019 854 3100 Appii
876 3016 1049 3100 dignitatis,
1071 3022 1148 3102 quia
1161 3022 1254 3103 acqui·

290 3132 336 3181 tas
367 3122 520 3204 postulat,
549 3134 584 3184 ut
613 3126 638 3184 is
668 3127 786 3206 potius,
814 3127 867 3206 qui
887 3126 1031 3186 iniuriam
1051 3125 1174 3200 intulit,
1203 3127 1253 3188 hoc

291 3238 352 3299 est,
373 3227 554 3302 Dolabella,
585 3250 679 3311 quam
708 3233 761 3313 qui
787 3234 918 3315 accepit,
949 3231 988 3294 de
1015 3234 1251 3296 reconciliatione

281 3331 416 3395 laboret.
437 3335 523 3397 Vidit
544 3337 706 3398 Manutius.
728 3338 869 3400 Nostrum
889 3351 933 3399 est
952 3360 1042 3412 onus,
1063 3341 1247 3402 Dolabellam

288 3451 392 3501 tecum
413 3443 635 3505 reconciliandi.
666 3443 830 3519 Nostrum,
860 3447 984 3535 inquit,
1007 3448 1082 3528 quia
1113 3467 1245 3530 generum

288 3559 394 3609 nactus
415 3561 459 3609 est
479 3562 687 3614 accusatorem
707 3555 782 3614 eius.
1132 3533 1135 3537 .

253 3652 289 3714 15
309 3657 345 3716 ln
365 3676 445 3718 nova
472 3657 620 3721 affinitate
653 3681 723 3721 curn
745 3660 921 3739 Dolabella3
951 3683 999 3746 cp.
1021 3661 1206 3737 CCLXXV,
1221 3659 1242 3720 3.

288 3762 389 3824 Minus
409 3776 489 3826 recte
509 3765 598 3827 Amb.
620 3787 638 3826 n
659 3781 780 3829 navam.
864 3806 865 3811 κ

252 3865 289 3928 ι6
307 3868 394 3933 Libri
414 3871 532 3956 aliquot
551 3876 611 3937 som
631 3887 658 3937 te
678 3895 748 3938 esse.
