2626 4854
266 359 334 405 112
579 348 751 399 semrom
775 350 930 399 ccuxvu
1043 344 1173 399 aveo
1191 343 1240 408 ,οι

261 458 347 529 ιιίιιο
371 456 408 525 in
432 453 526 525 hunc
550 477 683 523 annum
697 476 772 525 non
789 450 986 525 edictumm
1006 464 1047 522 ¹⁰.
1070 450 1264 527 Renuntia-

261 596 337 654 tum
361 578 464 652 nobis
489 591 565 650 erat
589 579 734 650 Hirrum
754 576 886 651 diutius
902 575 1080 649 dicmrum
1095 593 1142 649 ¹¹:
1160 604 1263 678 preu-

261 707 375 779 dimns
401 731 490 776 eum.
517 703 598 776 Nou
623 702 731 775 modo
752 727 827 775 non
850 702 949 800 fecit,
974 701 1056 801 sed,
1082 729 1193 805 quum
1218 704 1263 777 de

147 911 152 919 ‚
261 831 421 931 hostibus
447 843 621 928 ageretur,
645 844 682 901 et
706 841 828 927 posset
852 854 926 900 rem
951 829 1143 930 impedire,
1159 831 1208 930 si,
1223 843 1264 902 ut

261 969 526 1030 numerarentur
545 971 592 1053 ¹²,
618 953 829 1054 postularet,
859 954 977 1027 tacuit
1009 956 1169 1029 Tantirm
1200 958 1264 1032 Ca·

262 1085 339 1156 toni
365 1108 524 1154 assensus
549 1096 620 1177 est,
645 1081 706 1181 qui
731 1080 776 1153 de
801 1094 837 1151 te
851 1083 880 1130 ¹³
896 1080 1035 1154 locutus
1050 1080 1262 1182 honorifice,

262 1235 336 1281 non
369 1209 528 1280 decrerat
560 1206 843 1306 supplicationes
868 1207 1007 1281 Tertius
1032 1206 1080 1280 ad
1103 1207 1171 1281 hos
1196 1209 1263 1281 Fa·

264 1335 390 1407 vonius
420 1334 575 1405 accessit
608 1333 744 1429 Quare,
770 1357 837 1432 pro
870 1333 1038 1436 cuiusque
1060 1347 1199 1441 'natura
1229 1346 1264 1407 et

262 1461 442 1556 instituto,
466 1459 596 1556 gratiae
620 1472 704 1530 sunt
727 1457 899 1556 agendae:
923 1458 993 1557 bis,
1008 1458 1109 1561 quod
1129 1473 1263 1534 mntem

199 1588 203 1595 '
263 1583 481 1657 voluntatem
494 1583 722 1656 ostenderunt
735 1583 780 1682 ¹45
797 1609 863 1684 pro
874 1586 1058 1684 sententia,
1074 1612 1188 1687 quum
1202 1587 1264 1658 im·

263 1709 383 1810 pedire
401 1723 557 1808 possent,
573 1734 646 1782 non
662 1723 878 1809 pugnamut:
895 1710 1040 1785 Curioni
1052 1736 1152 1810 vero,
1158 1710 1266 1813 {quod

264 1835 309 1908 de
342 1861 483 1908 suarum
514 1837 693 1908 actionum
719 1861 823 1909 cursu
849 1850 909 1909 tua
934 1862 1038 1909 causa
1065 1833 1208 1909 deflexit
1225 1838 1264 1908 ¹⁵.

263 1961 356 2034 Nam
379 1961 531 2033 Furnius
567 1975 604 2032 et
633 1960 821 2059 Lentulus,
851 1975 894 2034 ut
925 1961 1143 2063 debuerunt,
1167 1961 1266 2063 quasi

262 2112 387 2159 eorum
411 2113 466 2160 res
488 2101 596 2184 esset,
620 2113 690 2161 uua
706 2087 892 2161 nobiscum
915 2088 1170 2161 circumierunt
1183 2089 1215 2138 ¹⁶
1232 2098 1266 2160 et

268 2210 481 2284 laborarunt
507 2211 609 2283 Balbi
626 2239 767 2313 quoque
783 2212 937 2287 Cornelii
951 2229 979 2280 ¹7
997 2239 1147 2314 operam
1163 2227 1200 2286 et
1213 2239 1267 2286 se·

266 2335 451 2408 dulitatem
473 2336 617 2411 laudare
641 2365 796 2438 possum
822 2339 915 2413 Nam
939 2366 1020 2413 cum
1038 2340 1196 2415 Curione
1212 2365 1268 2419 ve·

263 2460 447 2534 hementer
476 2461 615 2536 locutus
649 2479 719 2562 est,
742 2477 780 2537 et
803 2491 906 2564 eum,
929 2466 959 2538 si
983 2464 1086 2538 aliter
1110 2465 1250 2540 fecisset

264 2587 428 2659 iniuriam
451 2590 590 2662 Caesari
615 2589 788 2662 facturum
821 2591 928 2690 dixit,
958 2604 1035 2663 tum
1060 2592 1137 2664 eius
1162 2590 1259 2664 fidet

263 2714 302 2784 in
334 2715 570 2812 suspicionem
590 2716 620 2765 ¹⁸
646 2714 801 2787 adduxit„
841 2707 1033 2790 Decrerant
1062 2715 1211 2818 quidem
1228 2732 1258 2783 ¹9

266 2840 326 2937 qui
351 2864 463 2938 neque
489 2841 632 2938 transigi
657 2840 841 2941 volebant,
870 2842 1034 2940 Domitii,
1058 2843 1245 2943 Scipiones

266 2960 392 3063 quibus
417 2963 483 3036 hac
500 2992 538 3039 re
555 2965 601 3038 ad
616 2967 902 3040 intercessionem
928 2967 1151 3041 evocandam
1163 2985 1196 3018 ²⁰
1213 2969 1248 3040 in

266 3085 546 3188 terpellantibus,
571 3093 812 3166 venustissime
825 3094 933 3167 Curio
954 3091 1153 3192 respondit,
1169 3119 1208 3167 se
1225 3119 1313 3164 e·-

266 3209 430 3286 libentius
455 3241 530 3289 nou
553 3218 786 3317 intercedere,
810 3218 910 3320 quod
925 3218 1118 3320 quosdam,
1134 3219 1197 3320 qui
1213 3216 1313 3291 d>—

266 3354 464 3439 cernerent,
488 3341 626 3415 videret
651 3346 777 3417 confici
799 3344 904 3418 nolle.

316 3489 337 3533 2
364 3463 473 3554 Quod
499 3467 634 3541 adrem
651 3469 830 3568 publicam
847 3473 992 3568 attinet,
1008 3470 1048 3541 in
1063 3467 1178 3542 unam
1195 3489 1303 3543 caia

266 3612 341 3657 sam
379 3593 495 3663 omnis
534 3597 713 3669 contentio
747 3597 908 3670 coniecta
941 3609 1017 3694 est,
1049 3594 1095 3668 de
1128 3596 1308 3696 provin·

265 3712 328 3783 ciis
344 3728 390 3783 ²¹:
405 3715 443 3786 in
460 3742 566 3817 quam
585 3719 701 3793 adbuc
717 3722 918 3795 incubuisse
936 3746 1018 3793 cum
1033 3735 1162 3793 senatu
1174 3721 1300 3794 Pom

265 3839 367 3941 peius
391 3839 547 3941 videtur,
573 3858 612 3916 ut
636 3848 765 3922 Caesar
789 3848 842 3925 Id.
859 3845 1037 3949 *Novemb
1057 3862 1092 3910 ι’
1118 3844 1293 3925 decedat
