2626 4854
439 381 476 427 ru
502 375 693 428 rrrsroms
995 356 1068 432 283

56 504 95 543 2ο
118 481 255 551 Scilicet,
274 477 360 540 nullo
382 481 521 560 negotio,
543 479 626 561 quod
647 477 793 561 pecuniae
814 476 853 538 ad
873 477 905 537 id
927 480 998 539 satis
1019 501 1067 541 ac·

96 599 250 671 ceperant.
271 587 411 646 Pecuniis
432 597 533 647 autern
554 585 685 669 publicis
699 584 944 645 administrandis
959 586 1069 648 Graeci

96 697 154 780 ipsi
176 704 355 779 praeerant,
368 704 403 754 ut
418 704 506 775 putat
525 693 689 754 Manutius.
710 691 834 766 Lustro,
852 693 1070 774 quinquennio.

97 803 245 863 Censores
268 802 375 883 quinto
397 820 521 884 quoque
541 820 621 862 anno
648 797 787 884 reipub.
813 818 903 883 agros
930 796 1070 882 publicos

97 907 242 969 locabant
263 906 417 969 colendos.

59 1036 93 1075 21
118 1015 153 1075 ld
175 1016 279 1076 fecisti.
301 1015 372 1076 Mox
392 1011 535 1096 asperia
553 1023 676 1075 auctore
689 1012 831 1074 Ernestio
846 1012 964 1096 recepit
976 1021 1071 1085 recte,
1090 1028 1141 1107 *rx

95 1133 190 1205 puto,
211 1125 304 1184 edam
325 1120 453 1195 Schiita,
472 1141 532 1204 pro
552 1119 677 1201 vulgato
699 1121 844 1204 imperita.

59 1250 95 1290 22
115 1229 280 1303 Difficiles,
300 1226 441 1312 qualibus
463 1229 508 1290 uti
530 1227 628 1288 solent
647 1226 714 1301 alii,
735 1228 789 1310 qui
802 1227 968 1312 provinciis
980 1245 1069 1310 prae·

97 1348 188 1412 suut3
217 1335 277 1397 vid.
300 1357 347 1419 ep.
373 1335 495 1408 XXIX,
517 1334 547 1397 8.
578 1333 702 1396 Conud.
729 1335 797 1396 Non
824 1333 988 1417 introducti
1013 1354 1071 1418 per

96 1443 340 1517 cubicularium,
368 1441 421 1504 sed
448 1462 483 1505 ex
510 1462 542 1504 se
563 1442 741 1505 Ciceronem
761 1439 982 1504 conveniebant
1001 1458 1070 1502 om·

94 1573 164 1629 nes3
183 1570 283 1633 neque
303 1551 471 1633 quicquam
487 1570 543 1633 per
562 1549 782 1610 cubicularium
795 1547 918 1630 agebat,
940 1546 993 1610 sed
1007 1567 1065 1630 per

96 1659 259 1740 seipsum.

59 1765 97 1824 23
117 1763 255 1837 Scilicet,
274 1762 393 1825 urbana
412 1772 444 1825 et
463 1762 592 1837 forensi,
609 1783 706 1847 quum
720 1781 825 1824 causas
839 1759 942 1824 adbuc
956 1770 1067 1845 ageret.

100 1871 220 1932 Emesa
455 1867 460 1872 ’

58 1978 98 2054 24
120 1977 189 2037 Hoc
209 1987 271 2050 est,
293 1977 463 2060 explentur,
482 1977 533 2038 Sic
546 1997 594 2060 ep.
610 1975 780 2050 CCLXlX,
795 1997 828 2038 a:
843 1977 985 2039 Annuum
1000 1989 1071 2039 tem-

93 2106 155 2167 pus
172 2105 268 2168 prope
285 2085 346 2145 sirm
363 2085 516 2146 enutriam
535 2083 726 2147 habebamus.
747 2083 879 2146 Casaub.

58 2191 97 2251 25
117 2191 200 2252 Eum
221 2191 306 2252 nullo
327 2192 420 2252 modo
433 2211 669 2266 concessurum,
681 2201 717 2254 ut
730 2191 846 2276 aliquid
859 2193 931 2255 novi
944 2190 983 2253 de
996 2212 1070 2275 pro-

96 2300 205 2359 vinciis
225 2297 421 2372 decernatur,
434 2309 470 2360 ut
482 2309 696 2381 prorogemus.
717 2300 834 2362 &nest
847 2298 928 2363 Vide
945 2297 984 2360 ad
997 2319 1070 2382 epp.

96 2404 195 2477 CCX,
216 2425 250 2482 23
271 2405 383 2478 CCXI,
405 2426 423 2466 2
444 2416 475 2466 et
496 2406 683 2478 CCLXXII,
705 2428 731 2467 2.

59 2512 99 2574 26
120 2511 348 2585 Ariobarzanis,
368 2513 455 2574 Bruti
478 2512 639 2589 debitoris3
659 2534 706 2597 ep.
727 2513 899 2587 CCL11,'3.
921 2515 1038 2576 Schritz.

58 2639 96 2700 27
118 2620 199 2681 Vide
219 2641 266 2702 ep.
288 2620 424 2680 CCXIX.

59 2725 98 2788 28
118 2727 230 2787 Fa‘e’rni
253 2727 330 2788 liber
349 2726 434 2788 addit
456 2728 563 2799 literam·
589 2725 642 2787 sed
669 2726 700 2787 id
729 2746 764 2786 ex
792 2725 1000 2808 superioribus
1020 2727 1068 2786 in-

96 2833 262 2915 telligitur,
281 2844 312 2895 et
331 2835 363 2894 in
384 2834 450 2895 aliis
470 2834 557 2896 libris
578 2833 685 2894 melius
707 2834 866 2895 omittitur.
893 2832 972 2895 Edd.
992 2833 1068 2895 lens.

96 2940 192 3002 Herv.
214 2943 281 3003 Aac.
300 2940 489 3014 ereberrime,
510 2940 562 3002 lib.
584 2939 681 3002 Laud.
702 2940 900 3002 antenianus.

58 3068 98 3131 29
117 3047 190 3109 Vid.
211 3068 279 3132 epp.
301 3048 393 3122 CCL,
414 3048 435 3109 8
455 3059 485 3110 et
506 3048 630 3124 CCLll,
649 3048 682 3127 4.

57 3155 98 3216 3ο
119 3154 217 3226 Idest,
234 3176 296 3215 non
317 3177 396 3237 quae
419 3155 634 3237 (centesimae)
656 3176 777 3240 semper
795 3175 892 3217 noras
912 3172 948 3216 ex
970 3174 1002 3216 se
1022 3155 1067 3235 gi·

96 3273 225 3344 gnerent
243 3280 366 3336 usuras,
386 3263 439 3336 sed
459 3284 537 3345 quae
558 3275 678 3325 tantum
700 3265 862 3347 quotannis
892 3272 1067 3345 repeteren-

97 3380 160 3429 tur.
181 3369 299 3430 Emest.

57 3475 91 3535 31
116 3470 196 3536 Edd.
217 3497 263 3558 pr.
286 3489 317 3536 tu
335 3479 390 3560 qui
406 3479 460 3540 ata.
483 3476 594 3541 Schiitc
615 3477 689 3562 quid
706 3480 758 3541 tu?
770 3481 824 3562 qui
834 3481 889 3539 uir.
909 3476 1068 3538 Ernestius
1113 3560 1116 3567 ἱ

96 3582 232 3645 malebat
257 3583 318 3644 tun'
335 3586 389 3644 air.
416 3585 538 3646 Rectius
563 3597 666 3646 autem
694 3586 747 3668 qui
772 3585 969 3648 collocaveris
996 3590 1068 3643 aute
1099 3582 1104 3591 ’

95 3705 274 3776 quaternas:
294 3694 346 3775 qui
364 3706 523 3775 quaternas
543 3693 672 3754 habebut
697 3703 753 3754 etc.

54 3801 95 3861 32
117 3799 241 3860 Scilicet
262 3800 330 3859 Auli
357 3798 500 3872 Gabinii,
520 3799 558 3860 de
584 3823 645 3883 qua
672 3822 720 3885 ep.
748 3800 843 3872 CCL,
869 3798 898 3859 8.
918 3790 997 3858 Edd.
1019 3814 1067 3877 pr.

96 3908 245 3982 Alexim,
263 3926 358 3988 quam
378 3927 482 3968 vocem
504 3908 528 3967 si
549 3907 698 3969 trifariam
711 3907 829 3969 dividas
843 3925 913 3968 cum
927 3902 1067 3968 Victorio

89 4012 221 4076 babebis
243 4013 281 4074 A.
303 4014 362 4076 ux.
384 4014 429 4074 ius
450 4023 483 4076 ut
504 4013 614 4098 vulgo;
636 4014 705 4077 Aldi
726 4034 764 4078 ea
786 4013 846 4077 tex.
