2626 4854
164 329 235 421 240
486 352 656 400 crrsracr
681 352 846 402 ccxcviii.
958 350 988 400 t.
1004 356 1036 401 v.
1052 356 1079 401 a
1098 356 1140 417 7⁰³

553 582 779 655 CCXCVIII.
903 625 959 683 (aa
974 626 1026 671 ru.
1047 626 1103 685 vn,
1116 628 1143 685 7)

160 763 381 842 Argumentum.
407 784 418 821 1
447 762 494 823 De
515 763 664 844 Dionysio
685 766 821 844 ingrat03
844 784 862 823 2
879 763 917 824 de
929 764 1106 845 Philogenis
1116 788 1163 827 ne-

200 873 291 951 gotio.
324 873 341 930 3
372 870 561 930 Pomtinium
588 871 629 930 ad
660 870 771 931 urbem
797 874 913 934 venisse
951 875 1103 948 miratur3
1135 895 1160 933 se

185 990 272 1037 'vcro
292 999 318 1037 a.
333 976 362 1036 d.
376 978 420 1036 ΙΙΙ
439 978 539 1037 Nonas
560 979 621 1037 lan.
642 990 805 1037 venturum
827 999 890 1051 csse
911 982 1042 1038 nuntiat.
1063 980 1084 1055 4
1102 980 1156 1039 De-

199 1088 291 1169 nique
312 1084 417 1151 scribit
437 1086 474 1145 de
495 1089 555 1146 suis
578 1089 608 1149 in
629 1085 688 1145 hoc
709 1089 752 1147 rei
773 1084 914 1169 publicae
932 1097 1016 1146 statu
1031 1086 1157 1146 consiliis.

278 1294 350 1361 Scr.,
368 1302 399 1347 ut
415 1293 536 1359 videtur,
554 1294 581 1346 in
600 1293 755 1358 Formiano,
774 1295 803 1345 A.
821 1291 855 1347 V.
873 1293 903 1345 C.
921 1292 1052 1358 occul,

538 1397 598 1458 past
615 1389 638 1439 X
657 1389 715 1441 Kal.
735 1389 789 1441 iau.

473 1615 617 1681 CICERO
642 1614 793 1679 ATTICO
820 1616 849 1678 S.

212 1888 225 1932 1
256 1862 477 1959 Dionysias,
506 1864 560 1933 vir
578 1862 751 1960 optimas,
777 1873 819 1930 ut
842 1856 934 1930 mita
950 1883 1097 1960 qaoque
1112 1870 1155 1930 est

152 2003 383 2088 perspectus,
408 2002 444 2059 et
467 1988 715 2072 doetissimm,
742 1992 866 2087 urique
882 1991 1154 2070 anmrzassimas,

157 2116 310 2185 Romam
337 2118 432 2189 venit
452 2114 534 2187 XV
550 2114 635 2186 Kal.
649 2115 754 2198 Ian„
781 2129 814 2186 et
832 2115 955 2185 literas
981 2140 1005 2184 α
1030 2128 1064 2185 te
1080 2110 1155 2184 mitt

156 2240 332 2312 reddidit:
358 2254 413 2313 tot
438 2243 532 2313 enim
556 2241 664 2315 verba
683 2254 766 2315 sunt
783 2240 827 2312 de
842 2241 1020 2339 Dionysio
1039 2240 1077 2311 in
1094 2239 1154 2338 cpi·

156 2366 247 2439 stola
272 2380 342 2439 tua.
367 2367 459 2440 Illud
484 2370 655 2469 privatius
683 2384 694 2419 ¹
721 2393 796 2441 non
822 2367 1011 2441 adscribis:
1045 2380 1081 2440 et
1104 2366 1155 2441 titi

151 2497 291 2591 gratias
315 2499 394 2593 egit.
419 2495 529 2595 Atqui
556 2509 649 2570 certe
674 2493 732 2567 ille
758 2521 859 2593 agere
885 2494 1026 2594 debuit3
1053 2493 1152 2594 et‚si

154 2634 246 2692 essct
258 2620 389 2694 factum
397 2678 407 2720 ‚
423 2648 512 2722 quac
530 2635 590 2693 tua
608 2635 661 2693 est
677 2621 892 2719 humanitas,
905 2621 1151 2721 adscripsisses.

152 2746 242 2818 Mihi
268 2762 386 2821 autem
411 2749 506 2820 nulla
534 2748 577 2820 de
603 2773 645 2820 eo
672 2749 838 2841 παλινῳδία
858 2747 995 2819 datur²
1016 2760 1150 2848 propter

152 2877 340 2973 superioris
358 2876 527 2975 epistolae
545 2876 793 2948 testimonium.
806 2875 858 2946 Sit
875 2875 981 2972 igitur
998 2900 1083 2946 sane
1099 2873 1151 2945 ho-

152 3028 219 3074 nus
245 3003 306 3075 vir.
332 3004 412 3076 Hoc
438 3004 532 3077 enim
558 3005 674 3102 ipsum
700 3002 790 3103 liene
816 3001 916 3100 fecit,
951 3001 1050 3101 quod
1075 2998 1147 3072 mihi

152 3131 205 3200 sui
231 3131 467 3228 cognoscendi
503 3132 644 3233 penitus
677 3131 782 3205 etiam
814 3131 919 3203 istam
957 3127 1147 3201 facultatem

153 3259 252 3333 dedit
271 3261 295 3330 ³.

201 3416 223 3463 2
250 3386 462 3484 Philogenes
487 3400 581 3459 recte
608 3385 654 3456 ad
671 3399 707 3456 tc
724 3383 873 3482 scripsit.
889 3384 1039 3455 Curavit
1056 3381 1146 3472 enim,

150 3513 248 3616 quod
266 3513 395 3587 debuit,
415 3517 506 3588 Eum
525 3539 589 3610 ego
607 3513 660 3583 uti
678 3537 718 3583 ea
737 3512 886 3608 pecunia
905 3509 1023 3608 volui,
1042 3501 1143 3610 quoad

148 3641 270 3715 liceret
287 3640 313 3713 4,
339 3644 463 3742 Itaque
488 3668 572 3712 usus
598 3654 651 3711 est
676 3665 814 3710 menses
840 3639 958 3710 XIIII.

200 3773 222 3843 3
248 3770 463 3843 Pomtiniurn
491 3768 597 3867 cupio
623 3765 758 3865 velere3
784 3778 837 3862 ct,
863 3763 962 3864 quod
980 3761 1097 3863 scribis
1112 3757 1142 3828 in

150 3896 273 3970 urbem
289 3897 468 3994 introisse,
493 3920 616 3971 vereor
634 3893 720 3997 quid
737 3892 800 3966 sit:
823 3917 906 3965 nam
925 3888 963 3963 id
976 3889 1044 3963 nisi
1060 3879 1142 3986 gravi
