2626 4854
529 344 566 391 in
593 344 784 395 neisronts
1091 327 1162 430 275

154 463 204 504 ιοι
232 443 312 526 Epp.
334 442 458 514 CCXX,
471 443 500 519 4,
514 455 544 504 et
557 444 679 507 CCLVI
695 456 769 508 extr.
791 444 883 521 Pttm,
897 469 973 509 uxor
995 451 1101 528 Attici3
1115 475 1163 536 ep.

193 549 259 621 CV,
284 569 309 607 1.

152 677 208 716 roa
230 655 327 716 Codd.
347 655 477 738 aliquot:
498 677 584 740 quem
605 658 782 741 ianrpn'dem
802 680 965 743 numquam
992 662 1077 726 videt.
1104 664 1163 726 Sed

190 784 286 845 supra
306 784 352 846 ep.
376 762 503 835 CCXX,
522 764 544 841 4
564 775 654 845 negat
674 786 705 826 se
727 767 833 829 Cicero
854 767 987 849 puellam
1012 790 1160 851 uinquam

190 869 309 930 vidisse.
339 871 445 951 ltaque
467 874 699 952 repugnantiam
719 885 769 936 τοῦ
792 873 966 955 ιἀηιρήιίσω
995 876 1164 960 Malaspina

190 989 221 1038 et
240 976 332 1050 vidit,
352 988 383 1038 et
403 977 573 1038 emendavit
594 999 628 1039 ex
650 999 721 1041 mss.
740 978 850 1064 Poggii
872 981 1007 1063 aliisque.

154 1085 211 1145 103
231 1084 288 1147 Est
307 1106 365 1168 pro
385 1086 595 1157 nominativo,
614 1084 678 1148 dics
698 1086 828 1161 scilicet,
841 1091 894 1170 qui
907 1088 965 1150 fuit
980 1089 1078 1172 pridie
1094 1089 1163 1151 Kal.

192 1193 271 1265 lan,
291 1212 353 1274 quo
373 1191 422 1252 die
441 1191 568 1274 epistola
582 1193 720 1254 tundata
737 1204 791 1256 est.
813 1194 929 1258 Ernest.
950 1195 1043 1275 Quod
1058 1199 1159 1281 ipsum

190 1298 251 1382 legi
272 1298 396 1360 volebat
415 1299 535 1362 Bosius:
557 1299 708 1363 literarum
729 1298 871 1364 datarum
896 1301 959 1362 dies
981 1301 1060 1385 prul.
1089 1301 1163 1365 Kal.

189 1405 277 1478 Ian,
297 1417 328 1466 et
348 1408 463 1488 recepit
482 1405 589 1468 Lamb.
611 1407 713 1469 Minus
735 1419 817 1470 recte
837 1409 977 1473 Olivetus
1001 1431 1070 1472 cum
1091 1411 1162 1471 Mu-

189 1522 270 1572 reto:
292 1511 408 1572 Literna
432 1511 558 1575 daturus
579 1512 659 1595 prid.
687 1512 760 1576 Kal.
788 1513 1058 1578 Ian-tabunt.
1089 1516 1160 1577 Mox

189 1617 396 1692 iurisiurandi,
415 1619 500 1702 quod
520 1619 635 1681 scilicet
655 1619 708 1680 iilo
730 1620 779 1682 die
800 1620 907 1683 abiens
929 1621 1088 1685 consulatu
1117 1626 1161 1682 iu·

190 1727 286 1798 ravit,
306 1746 337 1787 se
358 1746 424 1787 rem
444 1725 531 1809 publ.
552 1747 702 1802 servasse;
722 1748 770 1810 ep.
791 1728 877 1802 XIV,
897 1729 928 1806 4.

154 1832 211 1908 sulp
231 1831 300 1893 Hoc
329 1843 391 1905 est,
416 1835 626 1915 magistratus,
653 1855 782 1915 magnus
809 1835 925 1897 consul.
956 1836 1039 1898 Dicti
1059 1845 1160 1899 autem

188 1942 371 2020 praetextati
393 1961 411 2001 a
431 1951 586 2023 praetexta
607 1944 670 2002 sive
690 1952 779 2023 toga,
798 1962 859 2024 qua
880 1941 1044 2005 utebantur
1063 1944 1161 2025 magi-

189 2055 312 2107 stratus.
330 2045 487 2108 Ernestius
507 2059 538 2109 et
558 2046 669 2109 Scbtitz
690 2048 889 2111 offenduntur
902 2051 1159 2130 inpraetermisse.

153 2151 210 2214 105
232 2153 301 2215 Hoc
321 2165 383 2226 est,
403 2175 514 2236 magna
533 2175 591 2238 pro
611 2158 725 2239 parvis.
745 2154 949 2218 Proverbium
970 2155 1096 2217 ductum
1123 2176 1159 2217 ex

188 2259 319 2321 Homeri
341 2261 425 2321 iliad.
439 2263 500 2334 v1,
520 2261 596 2339 2363
615 2261 670 2324 ubi
691 2262 826 2324 Glaucus
845 2274 877 2325 et
896 2263 1058 2325 Diomedes
1070 2282 1158 2322 arma

186 2378 380 2448 permutant,
400 2379 435 2428 ut
452 2389 545 2430 aurea
573 2369 649 2431 alter
670 2390 729 2451 pro
754 2371 854 2434 aeneis
882 2372 1040 2453 acciperet.
1063 2367 1161 2431 aldus

188 2473 298 2548 χρύσια
316 2472 379 2528 αντὶ
392 2473 545 2548 χαλκείων,
565 2478 661 2538 invito
682 2476 828 2539 Homero,

151 2579 208 2641 106
224 2580 425 2643 'Proscribere
445 2582 637 2645 vendendum
658 2582 772 2644 salubri
793 2584 902 2665 pretio.
927 2582 995 2644 Nisi
1003 2581 1101 2666 fhrtc,
1121 2582 1159 2643 il-

187 2686 244 2747 lud
263 2709 340 2770 prae
361 2688 431 2750 aliis
446 2690 577 2772 praediis
596 2693 725 2752 retinere
746 2690 827 2762 vult,
848 2700 883 2750 ut
902 2688 944 2749 ibi
960 2711 992 2752 se
1012 2709 1081 2750 cum
1103 2705 1159 2748 suo

187 2792 313 2856 tibicine
333 2792 472 2857 oblectet
501 2795 575 2877 Quis
594 2797 632 2856 sit
655 2807 769 2869 status,
794 2816 834 2855 an
859 2794 970 2857 scilicet
997 2796 1036 2857 sit
1060 2793 1159 2854 multo

186 2923 259 2964 aere
283 2901 387 2963 alieno
413 2912 564 2984 gravatus.
590 2902 724 2972 Vereor,
750 2920 789 2963 ne
817 2903 907 2961 nimis
928 2899 1058 2982 abrupte
1084 2899 1160 2960 baec

186 3011 293 3070 omnia
312 3009 395 3070 dicta
415 3011 481 3070 sint.
501 3009 591 3071 Potes
616 3008 716 3089 legere
738 3008 893 3091 proposuit
916 3006 1062 3073 Lucceius
1087 3016 1159 3082 etc,

188 3126 221 3176 et
238 3117 320 3177 infra
341 3115 419 3177 enim
438 3136 500 3176 non
519 3114 633 3177 hahent
651 3117 728 3179 lena
749 3125 780 3179 et
801 3114 981 3197 Heiuagius.
1078 3150 1080 3155 ·

147 3242 208 3304 ¹07
229 3221 281 3284 Sic
301 3223 433 3284 correxit
451 3222 566 3284 Bosius.
587 3221 659 3283 Mss.
680 3223 761 3285 enim
780 3232 943 3305 praeterat
953 3240 1029 3303 prae
1049 3239 1097 3296 re,
1111 3218 1159 3283 ed.

186 3331 246 3392 Ro.
267 3329 320 3392 Pr.
343 3329 405 3391 Sed
425 3341 456 3392 et
474 3350 543 3391 aare
563 3329 742 3413 simpliciter
761 3350 820 3414 pro
839 3350 908 3391 aere
928 3329 1025 3391 alieno
1044 3326 1159 3389 dictum

183 3446 361 3519 numquam
381 3435 452 3498 vidi.
475 3435 638 3498 Abundarc
663 3446 752 3519 putat
778 3436 945 3499 Ernestius.
973 3437 1049 3496 Nam
1070 3453 1106 3493 ex
1127 3453 1160 3494 rc

185 3543 385 3625 intelligitur,
399 3547 476 3605 aeris
489 3544 578 3605 alieni
593 3565 684 3605 causa
696 3546 902 3626 proscriptum
916 3543 1025 3612 fuisse,
1038 3549 1073 3599 ut
1089 3547 1159 3598 ante

183 3653 218 3712 in
239 3651 385 3711 Lucceio.
403 3649 513 3723 Aldus,
527 3651 608 3713 Vict.
630 3651 820 3724 Praetorem,
839 3649 892 3711 sed
911 3648 1023 3708 haereo
1043 3642 1159 3716 adhuc3

182 3756 358 3818 Lentulum
372 3757 451 3817 enim
463 3759 613 3838 neminem
629 3758 690 3818 vidi
704 3756 765 3818 hoc
778 3777 859 3818 anno
872 3763 1052 3837 praetorem.
1067 3751 1159 3810 Lam-

183 3863 281 3925 binus
294 3862 408 3934 omnia,
416 3875 535 3943 praeter
549 3860 635 3923 Ture.
648 3864 858 3925 Romanorum
871 3861 974 3943 plures
991 3855 1074 3916 villas
1088 3877 1160 3921 suas
1244 3839 1247 3849 .

183 3973 221 4031 in
241 3990 322 4051 agro
343 3969 517 4031 Tusculano
537 3965 711 4046 habebann
732 3969 800 4031 vide
821 3967 858 4028 de
880 3965 966 4024 Orat.
987 3963 1017 4033 Ι,
1039 3983 1066 4042 7·
