<?xml version="1.0" encoding="UTF-8"?>
<!DOCTYPE html PUBLIC "-//W3C//DTD XHTML 1.0 Transitional//EN"
    "http://www.w3.org/TR/xhtml1/DTD/xhtml1-transitional.dtd">
<html xmlns="http://www.w3.org/1999/xhtml" xml:lang="en" lang="en">
 <head>
  <title>
</title>
<meta http-equiv="Content-Type" content="text/html;charset=utf-8" />
  <meta name='ocr-system' content='tesseract 3.04.00' />
  <meta name='ocr-capabilities' content='ocr_page ocr_carea ocr_par ocr_line ocrx_word'/>
</head>
<body>
  <div class='ocr_page' id='page_1' title='image "./mtulliiciceroni59cicegoog/mtulliiciceroni59cicegoog_0113.png"; bbox 0 0 2626 4854; ppageno 0'>
   <div class='ocr_carea' id='block_1_1' title="bbox 184 330 1272 3209">
    <p class='ocr_par' dir='ltr' id='par_1_1' title="bbox 264 330 1272 1186">
     <span class='ocr_line' id='line_1_1' title="bbox 275 330 1250 411; baseline -0.005 -9"><span class='ocrx_word' id='word_1_1' title='bbox 275 330 342 405; x_wconf 80' lang='lat'><strong>106</strong></span> <span class='ocrx_word' id='word_1_2' title='bbox 611 349 784 398; x_wconf 76' lang='lat' dir='ltr'><strong>trrsroua</strong></span> <span class='ocrx_word' id='word_1_3' title='bbox 808 350 928 399; x_wconf 78' lang='lat' dir='ltr'><strong>cccxv.</strong></span> <span class='ocrx_word' id='word_1_4' title='bbox 1046 346 1078 397; x_wconf 77' lang='grc' dir='ltr'><strong>Δ.</strong></span> <span class='ocrx_word' id='word_1_5' title='bbox 1095 350 1181 398; x_wconf 80' lang='lat' dir='ltr'><strong>v.·c.</strong></span> <span class='ocrx_word' id='word_1_6' title='bbox 1202 349 1250 411; x_wconf 77' lang='lat'><strong>7⁰³</strong></span> 
     </span>
     <span class='ocr_line' id='line_1_2' title="bbox 268 449 1272 554; baseline -0.001 -26"><span class='ocrx_word' id='word_1_7' title='bbox 268 453 446 554; x_wconf 82' lang='lat' dir='ltr'><strong>augurales</strong></span> <span class='ocrx_word' id='word_1_8' title='bbox 457 451 566 525; x_wconf 89' lang='lat' dir='ltr'><strong>libros</strong></span> <span class='ocrx_word' id='word_1_9' title='bbox 583 467 614 518; x_wconf 81' lang='lat'><strong>²⁷</strong></span> <span class='ocrx_word' id='word_1_10' title='bbox 641 450 689 525; x_wconf 93' lang='lat' dir='ltr'><strong>ad</strong></span> <span class='ocrx_word' id='word_1_11' title='bbox 704 475 890 525; x_wconf 91' lang='lat' dir='ltr'><strong>commune</strong></span> <span class='ocrx_word' id='word_1_12' title='bbox 906 449 1090 553; x_wconf 84' lang='lat' dir='ltr'><strong>utriusque</strong></span> <span class='ocrx_word' id='word_1_13' title='bbox 1107 464 1272 527; x_wconf 85' lang='lat' dir='ltr'><strong>nostrum</strong></span> 
     </span>
     <span class='ocr_line' id='line_1_3' title="bbox 266 577 1270 677; baseline -0.003 -23"><span class='ocrx_word' id='word_1_14' title='bbox 266 581 378 654; x_wconf 92' lang='lat' dir='ltr'><strong>otium</strong></span> <span class='ocrx_word' id='word_1_15' title='bbox 402 605 510 653; x_wconf 86' lang='lat' dir='ltr'><strong>serva.</strong></span> <span class='ocrx_word' id='word_1_16' title='bbox 534 579 612 676; x_wconf 88' lang='lat' dir='ltr'><strong>Ego</strong></span> <span class='ocrx_word' id='word_1_17' title='bbox 637 578 748 676; x_wconf 84' lang='lat' dir='ltr'><strong>enim,</strong></span> <span class='ocrx_word' id='word_1_18' title='bbox 773 603 793 650; x_wconf 90' lang='lat' dir='ltr'><strong>a</strong></span> <span class='ocrx_word' id='word_1_19' title='bbox 818 589 854 648; x_wconf 83' lang='lat' dir='ltr'><strong>te</strong></span> <span class='ocrx_word' id='word_1_20' title='bbox 879 601 989 677; x_wconf 87' lang='lat' dir='ltr'><strong>quum</strong></span> <span class='ocrx_word' id='word_1_21' title='bbox 1014 589 1076 647; x_wconf 91' lang='lat' dir='ltr'><strong>tua</strong></span> <span class='ocrx_word' id='word_1_22' title='bbox 1093 577 1270 675; x_wconf 83' lang='lat' dir='ltr'><strong>promissa</strong></span> 
     </span>
     <span class='ocr_line' id='line_1_4' title="bbox 266 702 1269 808; baseline -0.003 -29"><span class='ocrx_word' id='word_1_23' title='bbox 266 733 330 808; x_wconf 90' lang='lat' dir='ltr'><strong>per</strong></span> <span class='ocrx_word' id='word_1_24' title='bbox 353 706 470 778; x_wconf 84' lang='lat' dir='ltr'><strong>literas</strong></span> <span class='ocrx_word' id='word_1_25' title='bbox 494 703 708 802; x_wconf 76' lang='lat' dir='ltr'><strong>flagitabam,</strong></span> <span class='ocrx_word' id='word_1_26' title='bbox 733 703 780 776; x_wconf 90' lang='lat' dir='ltr'><strong>ad</strong></span> <span class='ocrx_word' id='word_1_27' title='bbox 804 702 926 775; x_wconf 92' lang='lat' dir='ltr'><strong>urbem</strong></span> <span class='ocrx_word' id='word_1_28' title='bbox 952 715 988 776; x_wconf 86' lang='lat' dir='ltr'><strong>te</strong></span> <span class='ocrx_word' id='word_1_29' title='bbox 1013 703 1269 777; x_wconf 87' lang='lat' dir='ltr'><strong>otiosissimum</strong></span> 
     </span>
     <span class='ocr_line' id='line_1_5' title="bbox 266 829 1270 930; baseline -0.003 -23"><span class='ocrx_word' id='word_1_30' title='bbox 266 859 340 907; x_wconf 92' lang='lat' dir='ltr'><strong>esse</strong></span> <span class='ocrx_word' id='word_1_31' title='bbox 358 834 389 884; x_wconf 81' lang='lat'><strong>²⁸</strong></span> <span class='ocrx_word' id='word_1_32' title='bbox 415 831 615 906; x_wconf 88' lang='lat' dir='ltr'><strong>arbitrabar.</strong></span> <span class='ocrx_word' id='word_1_33' title='bbox 633 831 736 904; x_wconf 91' lang='lat' dir='ltr'><strong>Nunc</strong></span> <span class='ocrx_word' id='word_1_34' title='bbox 762 844 895 928; x_wconf 81' lang='lat' dir='ltr'><strong>tamen,</strong></span> <span class='ocrx_word' id='word_1_35' title='bbox 919 842 960 901; x_wconf 92' lang='lat' dir='ltr'><strong>ut</strong></span> <span class='ocrx_word' id='word_1_36' title='bbox 977 831 1054 929; x_wconf 92' lang='lat' dir='ltr'><strong>ipse</strong></span> <span class='ocrx_word' id='word_1_37' title='bbox 1071 829 1270 930; x_wconf 79' lang='lat' dir='ltr'><strong>polliceris,</strong></span> 
     </span>
     <span class='ocr_line' id='line_1_6' title="bbox 264 957 1267 1061; baseline -0.002 -28"><span class='ocrx_word' id='word_1_38' title='bbox 264 984 331 1061; x_wconf 88' lang='lat' dir='ltr'><strong>pro</strong></span> <span class='ocrx_word' id='word_1_39' title='bbox 356 958 575 1058; x_wconf 84' lang='lat' dir='ltr'><strong>auguralibus</strong></span> <span class='ocrx_word' id='word_1_40' title='bbox 606 957 726 1058; x_wconf 79' lang='lat' dir='ltr'><strong>libris,</strong></span> <span class='ocrx_word' id='word_1_41' title='bbox 765 958 941 1060; x_wconf 85' lang='lat' dir='ltr'><strong>orationes</strong></span> <span class='ocrx_word' id='word_1_42' title='bbox 974 969 1053 1029; x_wconf 90' lang='lat' dir='ltr'><strong>tuas</strong></span> <span class='ocrx_word' id='word_1_43' title='bbox 1089 957 1267 1033; x_wconf 86' lang='lat' dir='ltr'><strong>confectas</strong></span> 
     </span>
     <span class='ocr_line' id='line_1_7' title="bbox 264 1085 633 1186; baseline -0.005 -26"><span class='ocrx_word' id='word_1_44' title='bbox 264 1112 386 1178; x_wconf 88' lang='lat' dir='ltr'><strong>omues</strong></span> <span class='ocrx_word' id='word_1_45' title='bbox 411 1085 633 1186; x_wconf 83' lang='lat' dir='ltr'><strong>exspectabo.</strong></span> 
     </span>
    </p>

    <p class='ocr_par' dir='ltr' id='par_1_2' title="bbox 262 1209 1264 1662">
     <span class='ocr_line' id='line_1_8' title="bbox 313 1209 1264 1310; baseline -0.004 -24"><span class='ocrx_word' id='word_1_46' title='bbox 313 1213 336 1286; x_wconf 86' lang='lat'>3</span> <span class='ocrx_word' id='word_1_47' title='bbox 360 1211 495 1285; x_wconf 90' lang='lat' dir='ltr'><strong>Tullius</strong></span> <span class='ocrx_word' id='word_1_48' title='bbox 513 1227 556 1310; x_wconf 77' lang='lat'><strong>²9,</strong></span> <span class='ocrx_word' id='word_1_49' title='bbox 580 1212 637 1283; x_wconf 91' lang='lat' dir='ltr'><strong>cui</strong></span> <span class='ocrx_word' id='word_1_50' title='bbox 661 1209 826 1284; x_wconf 87' lang='lat' dir='ltr'><strong>mandata</strong></span> <span class='ocrx_word' id='word_1_51' title='bbox 852 1209 899 1284; x_wconf 90' lang='lat' dir='ltr'><strong>ad</strong></span> <span class='ocrx_word' id='word_1_52' title='bbox 922 1235 980 1283; x_wconf 91' lang='lat' dir='ltr'><strong>me</strong></span> <span class='ocrx_word' id='word_1_53' title='bbox 1011 1209 1163 1308; x_wconf 83' lang='lat' dir='ltr'><strong>dedisti,</strong></span> <span class='ocrx_word' id='word_1_54' title='bbox 1192 1234 1264 1283; x_wconf 90' lang='lat' dir='ltr'><strong>uon</strong></span> 
     </span>
     <span class='ocr_line' id='line_1_9' title="bbox 263 1334 1263 1438; baseline 0 -28"><span class='ocrx_word' id='word_1_55' title='bbox 263 1352 476 1410; x_wconf 87' lang='lat' dir='ltr'><strong>convenerat</strong></span> <span class='ocrx_word' id='word_1_56' title='bbox 499 1362 572 1409; x_wconf 88' lang='lat' dir='ltr'><strong>me:</strong></span> <span class='ocrx_word' id='word_1_57' title='bbox 597 1362 664 1419; x_wconf 89' lang='lat' dir='ltr'><strong>nec</strong></span> <span class='ocrx_word' id='word_1_58' title='bbox 695 1349 770 1409; x_wconf 91' lang='lat' dir='ltr'><strong>erat</strong></span> <span class='ocrx_word' id='word_1_59' title='bbox 800 1337 872 1409; x_wconf 91' lang='lat' dir='ltr'><strong>iam</strong></span> <span class='ocrx_word' id='word_1_60' title='bbox 904 1334 1090 1438; x_wconf 83' lang='lat' dir='ltr'><strong>quisquam</strong></span> <span class='ocrx_word' id='word_1_61' title='bbox 1121 1360 1263 1410; x_wconf 91' lang='lat' dir='ltr'><strong>mecum</strong></span> 
     </span>
     <span class='ocr_line' id='line_1_10' title="bbox 262 1462 1260 1563; baseline 0.001 -29"><span class='ocrx_word' id='word_1_62' title='bbox 262 1476 424 1563; x_wconf 78' lang='lat' dir='ltr'><strong>tuorum,</strong></span> <span class='ocrx_word' id='word_1_63' title='bbox 456 1477 594 1563; x_wconf 91' lang='lat' dir='ltr'><strong>praeter</strong></span> <span class='ocrx_word' id='word_1_64' title='bbox 630 1487 752 1536; x_wconf 91' lang='lat' dir='ltr'><strong>omnes</strong></span> <span class='ocrx_word' id='word_1_65' title='bbox 787 1487 886 1536; x_wconf 86' lang='lat' dir='ltr'><strong>meos</strong></span> <span class='ocrx_word' id='word_1_66' title='bbox 902 1463 947 1561; x_wconf 79' lang='lat'><strong>³⁰,</strong></span> <span class='ocrx_word' id='word_1_67' title='bbox 971 1462 1033 1563; x_wconf 88' lang='lat' dir='ltr'><strong>qui</strong></span> <span class='ocrx_word' id='word_1_68' title='bbox 1065 1474 1152 1536; x_wconf 91' lang='lat' dir='ltr'><strong>suut</strong></span> <span class='ocrx_word' id='word_1_69' title='bbox 1186 1487 1260 1536; x_wconf 91' lang='lat' dir='ltr'><strong>om-</strong></span> 
     </span>
     <span class='ocr_line' id='line_1_11' title="bbox 262 1590 410 1662; baseline -0.007 0"><span class='ocrx_word' id='word_1_70' title='bbox 262 1614 324 1662; x_wconf 90' lang='lat' dir='ltr'><strong>nes</strong></span> <span class='ocrx_word' id='word_1_71' title='bbox 350 1590 410 1662; x_wconf 91' lang='lat' dir='ltr'><strong>tui.</strong></span> 
     </span>
    </p>

    <p class='ocr_par' dir='ltr' id='par_1_3' title="bbox 184 1714 1263 3209">
     <span class='ocr_line' id='line_1_12' title="bbox 310 1714 1261 1817; baseline 0.001 -29"><span class='ocrx_word' id='word_1_72' title='bbox 310 1717 334 1810; x_wconf 68' lang='grc'><strong><em>4</em></strong></span> <span class='ocrx_word' id='word_1_73' title='bbox 359 1715 655 1789; x_wconf 90' lang='lat' dir='ltr'><strong>Stomachosiores</strong></span> <span class='ocrx_word' id='word_1_74' title='bbox 680 1741 775 1788; x_wconf 86' lang='lat' dir='ltr'><strong>meas</strong></span> <span class='ocrx_word' id='word_1_75' title='bbox 799 1714 916 1789; x_wconf 84' lang='lat' dir='ltr'><strong>literas</strong></span> <span class='ocrx_word' id='word_1_76' title='bbox 941 1741 1028 1817; x_wconf 89' lang='lat' dir='ltr'><strong>quas</strong></span> <span class='ocrx_word' id='word_1_77' title='bbox 1047 1715 1147 1789; x_wconf 89' lang='lat' dir='ltr'><strong>dicas</strong></span> <span class='ocrx_word' id='word_1_78' title='bbox 1169 1742 1261 1816; x_wconf 78' lang='lat' dir='ltr'><strong>esse,</strong></span> 
     </span>
     <span class='ocr_line' id='line_1_13' title="bbox 260 1842 1263 1945; baseline 0.002 -30"><span class='ocrx_word' id='word_1_79' title='bbox 260 1867 334 1916; x_wconf 91' lang='lat' dir='ltr'><strong>nou</strong></span> <span class='ocrx_word' id='word_1_80' title='bbox 358 1842 522 1942; x_wconf 82' lang='lat' dir='ltr'><strong>intelligo.</strong></span> <span class='ocrx_word' id='word_1_81' title='bbox 547 1844 608 1917; x_wconf 93' lang='lat' dir='ltr'><strong>Bis</strong></span> <span class='ocrx_word' id='word_1_82' title='bbox 635 1843 681 1916; x_wconf 90' lang='lat' dir='ltr'><strong>ad</strong></span> <span class='ocrx_word' id='word_1_83' title='bbox 705 1856 740 1916; x_wconf 93' lang='lat' dir='ltr'><strong>te</strong></span> <span class='ocrx_word' id='word_1_84' title='bbox 766 1843 892 1945; x_wconf 90' lang='lat' dir='ltr'><strong>scripsi</strong></span> <span class='ocrx_word' id='word_1_85' title='bbox 906 1844 948 1941; x_wconf 80' lang='lat'><strong>³¹,</strong></span> <span class='ocrx_word' id='word_1_86' title='bbox 964 1867 1023 1914; x_wconf 90' lang='lat' dir='ltr'><strong>me</strong></span> <span class='ocrx_word' id='word_1_87' title='bbox 1037 1869 1196 1943; x_wconf 89' lang='lat' dir='ltr'><strong>purgans</strong></span> <span class='ocrx_word' id='word_1_88' title='bbox 1214 1844 1263 1917; x_wconf 91' lang='lat' dir='ltr'><strong>di·</strong></span> 
     </span>
     <span class='ocr_line' id='line_1_14' title="bbox 258 1967 1261 2071; baseline 0.002 -30"><span class='ocrx_word' id='word_1_89' title='bbox 258 1968 421 2067; x_wconf 78' lang='lat' dir='ltr'><strong>ligenter,</strong></span> <span class='ocrx_word' id='word_1_90' title='bbox 447 1982 481 2042; x_wconf 88' lang='lat' dir='ltr'><strong>te</strong></span> <span class='ocrx_word' id='word_1_91' title='bbox 506 1968 629 2042; x_wconf 89' lang='lat' dir='ltr'><strong>leviter</strong></span> <span class='ocrx_word' id='word_1_92' title='bbox 661 1995 828 2043; x_wconf 88' lang='lat' dir='ltr'><strong>accusans</strong></span> <span class='ocrx_word' id='word_1_93' title='bbox 860 1970 899 2042; x_wconf 92' lang='lat' dir='ltr'><strong>in</strong></span> <span class='ocrx_word' id='word_1_94' title='bbox 923 1993 985 2068; x_wconf 77' lang='lat' dir='ltr'><strong>eo,</strong></span> <span class='ocrx_word' id='word_1_95' title='bbox 1010 1967 1108 2071; x_wconf 89' lang='lat' dir='ltr'><strong>quod</strong></span> <span class='ocrx_word' id='word_1_96' title='bbox 1134 1968 1261 2043; x_wconf 88' lang='lat' dir='ltr'><strong>deme</strong></span> 
     </span>
     <span class='ocr_line' id='line_1_15' title="bbox 260 2094 1260 2200; baseline 0.002 -33"><span class='ocrx_word' id='word_1_97' title='bbox 260 2096 331 2168; x_wconf 90' lang='lat' dir='ltr'><strong>cito</strong></span> <span class='ocrx_word' id='word_1_98' title='bbox 357 2094 577 2168; x_wconf 85' lang='lat' dir='ltr'><strong>credidisses:</strong></span> <span class='ocrx_word' id='word_1_99' title='bbox 603 2096 699 2197; x_wconf 89' lang='lat' dir='ltr'><strong>quod</strong></span> <span class='ocrx_word' id='word_1_100' title='bbox 732 2122 840 2194; x_wconf 89' lang='lat' dir='ltr'><strong>genus</strong></span> <span class='ocrx_word' id='word_1_101' title='bbox 874 2094 1035 2198; x_wconf 89' lang='lat' dir='ltr'><strong>querelae</strong></span> <span class='ocrx_word' id='word_1_102' title='bbox 1067 2095 1157 2169; x_wconf 92' lang='lat' dir='ltr'><strong>mihi</strong></span> <span class='ocrx_word' id='word_1_103' title='bbox 1182 2099 1260 2200; x_wconf 89' lang='lat' dir='ltr'><strong>qui·</strong></span> 
     </span>
     <span class='ocr_line' id='line_1_16' title="bbox 184 2219 1260 2323; baseline 0.004 -32"><span class='ocrx_word' id='word_1_104' title='bbox 184 2265 186 2268; x_wconf 92' lang='lat'><em>-</em></span> <span class='ocrx_word' id='word_1_105' title='bbox 260 2219 341 2293; x_wconf 89' lang='lat' dir='ltr'><strong>dem</strong></span> <span class='ocrx_word' id='word_1_106' title='bbox 372 2219 557 2294; x_wconf 87' lang='lat' dir='ltr'><strong>videbatur</strong></span> <span class='ocrx_word' id='word_1_107' title='bbox 588 2249 662 2295; x_wconf 90' lang='lat' dir='ltr'><strong>esse</strong></span> <span class='ocrx_word' id='word_1_108' title='bbox 692 2224 816 2321; x_wconf 81' lang='lat' dir='ltr'><strong>amici3</strong></span> <span class='ocrx_word' id='word_1_109' title='bbox 849 2223 904 2296; x_wconf 91' lang='lat' dir='ltr'><strong>sin</strong></span> <span class='ocrx_word' id='word_1_110' title='bbox 920 2224 954 2273; x_wconf 80' lang='lat'><strong>³²</strong></span> <span class='ocrx_word' id='word_1_111' title='bbox 978 2221 1045 2295; x_wconf 89' lang='lat' dir='ltr'><strong>tibi</strong></span> <span class='ocrx_word' id='word_1_112' title='bbox 1079 2222 1260 2323; x_wconf 78' lang='lat' dir='ltr'><strong>displicet,</strong></span> 
     </span>
     <span class='ocr_line' id='line_1_17' title="bbox 257 2348 1261 2449; baseline 0.003 -31"><span class='ocrx_word' id='word_1_113' title='bbox 257 2370 332 2418; x_wconf 91' lang='lat' dir='ltr'><strong>non</strong></span> <span class='ocrx_word' id='word_1_114' title='bbox 356 2360 436 2420; x_wconf 86' lang='lat' dir='ltr'><strong>utar</strong></span> <span class='ocrx_word' id='word_1_115' title='bbox 460 2372 502 2419; x_wconf 91' lang='lat' dir='ltr'><strong>eo</strong></span> <span class='ocrx_word' id='word_1_116' title='bbox 528 2348 685 2446; x_wconf 85' lang='lat' dir='ltr'><strong>posthac.</strong></span> <span class='ocrx_word' id='word_1_117' title='bbox 711 2348 782 2429; x_wconf 85' lang='lat' dir='ltr'><strong>Sed</strong></span> <span class='ocrx_word' id='word_1_118' title='bbox 805 2350 852 2448; x_wconf 70' lang='lat' dir='ltr'><strong>si,</strong></span> <span class='ocrx_word' id='word_1_119' title='bbox 877 2362 917 2422; x_wconf 93' lang='lat' dir='ltr'><strong>ut</strong></span> <span class='ocrx_word' id='word_1_120' title='bbox 940 2348 1080 2449; x_wconf 77' lang='lat' dir='ltr'><strong>scribis,</strong></span> <span class='ocrx_word' id='word_1_121' title='bbox 1106 2375 1169 2422; x_wconf 89' lang='lat' dir='ltr'><strong>eae</strong></span> <span class='ocrx_word' id='word_1_122' title='bbox 1184 2349 1261 2421; x_wconf 89' lang='lat' dir='ltr'><strong>lite·</strong></span> 
     </span>
     <span class='ocr_line' id='line_1_18' title="bbox 257 2473 1257 2575; baseline 0.002 -31"><span class='ocrx_word' id='word_1_123' title='bbox 257 2497 316 2544; x_wconf 87' lang='lat' dir='ltr'><strong>rae</strong></span> <span class='ocrx_word' id='word_1_124' title='bbox 341 2497 414 2545; x_wconf 92' lang='lat' dir='ltr'><strong>nou</strong></span> <span class='ocrx_word' id='word_1_125' title='bbox 438 2473 578 2546; x_wconf 87' lang='lat' dir='ltr'><strong>fuerunt</strong></span> <span class='ocrx_word' id='word_1_126' title='bbox 604 2474 768 2575; x_wconf 74' lang='lat' dir='ltr'><strong>disertae,</strong></span> <span class='ocrx_word' id='word_1_127' title='bbox 793 2476 883 2548; x_wconf 92' lang='lat' dir='ltr'><strong>scito</strong></span> <span class='ocrx_word' id='word_1_128' title='bbox 915 2501 1010 2548; x_wconf 90' lang='lat' dir='ltr'><strong>meas</strong></span> <span class='ocrx_word' id='word_1_129' title='bbox 1041 2499 1118 2548; x_wconf 89' lang='lat' dir='ltr'><strong>non</strong></span> <span class='ocrx_word' id='word_1_130' title='bbox 1143 2474 1257 2549; x_wconf 89' lang='lat' dir='ltr'><strong>fuisse.</strong></span> 
     </span>
     <span class='ocr_line' id='line_1_19' title="bbox 256 2595 1256 2699; baseline 0.004 -31"><span class='ocrx_word' id='word_1_131' title='bbox 256 2595 309 2669; x_wconf 89' lang='lat' dir='ltr'><strong>Vt</strong></span> <span class='ocrx_word' id='word_1_132' title='bbox 346 2599 439 2671; x_wconf 89' lang='lat' dir='ltr'><strong>euim</strong></span> <span class='ocrx_word' id='word_1_133' title='bbox 470 2600 689 2674; x_wconf 88' lang='lat' dir='ltr'><strong>Aristarchus</strong></span> <span class='ocrx_word' id='word_1_134' title='bbox 711 2603 742 2651; x_wconf 82' lang='lat'><strong>³³</strong></span> <span class='ocrx_word' id='word_1_135' title='bbox 768 2603 913 2674; x_wconf 91' lang='lat' dir='ltr'><strong>Homeri</strong></span> <span class='ocrx_word' id='word_1_136' title='bbox 951 2627 1089 2674; x_wconf 91' lang='lat' dir='ltr'><strong>versum</strong></span> <span class='ocrx_word' id='word_1_137' title='bbox 1128 2615 1256 2699; x_wconf 78' lang='lat' dir='ltr'><strong>negat,</strong></span> 
     </span>
     <span class='ocr_line' id='line_1_20' title="bbox 258 2726 1256 2826; baseline 0.004 -30"><span class='ocrx_word' id='word_1_138' title='bbox 258 2750 363 2826; x_wconf 91' lang='lat' dir='ltr'><strong>quem</strong></span> <span class='ocrx_word' id='word_1_139' title='bbox 379 2751 451 2798; x_wconf 91' lang='lat' dir='ltr'><strong>non</strong></span> <span class='ocrx_word' id='word_1_140' title='bbox 467 2726 611 2826; x_wconf 87' lang='lat' dir='ltr'><strong>probat:</strong></span> <span class='ocrx_word' id='word_1_141' title='bbox 637 2729 687 2800; x_wconf 91' lang='lat' dir='ltr'><strong>sic</strong></span> <span class='ocrx_word' id='word_1_142' title='bbox 712 2741 750 2799; x_wconf 88' lang='lat' dir='ltr'><strong>tu</strong></span> <span class='ocrx_word' id='word_1_143' title='bbox 777 2726 881 2816; x_wconf 86' lang='lat' dir='ltr'><strong>(libet</strong></span> <span class='ocrx_word' id='word_1_144' title='bbox 906 2728 999 2801; x_wconf 90' lang='lat' dir='ltr'><strong>enim</strong></span> <span class='ocrx_word' id='word_1_145' title='bbox 1024 2726 1113 2799; x_wconf 91' lang='lat' dir='ltr'><strong>mihi</strong></span> <span class='ocrx_word' id='word_1_146' title='bbox 1129 2727 1256 2812; x_wconf 84' lang='lat' dir='ltr'><strong>iocari)</strong></span> 
     </span>
     <span class='ocr_line' id='line_1_21' title="bbox 258 2851 1259 2955; baseline 0.004 -33"><span class='ocrx_word' id='word_1_147' title='bbox 258 2851 354 2949; x_wconf 88' lang='lat' dir='ltr'><strong>quod</strong></span> <span class='ocrx_word' id='word_1_148' title='bbox 379 2851 546 2925; x_wconf 87' lang='lat' dir='ltr'><strong>disertum</strong></span> <span class='ocrx_word' id='word_1_149' title='bbox 571 2879 646 2926; x_wconf 91' lang='lat' dir='ltr'><strong>non</strong></span> <span class='ocrx_word' id='word_1_150' title='bbox 671 2854 752 2953; x_wconf 77' lang='lat' dir='ltr'><strong>erit,</strong></span> <span class='ocrx_word' id='word_1_151' title='bbox 777 2879 822 2926; x_wconf 92' lang='lat' dir='ltr'><strong>ue</strong></span> <span class='ocrx_word' id='word_1_152' title='bbox 847 2855 981 2955; x_wconf 89' lang='lat' dir='ltr'><strong>putaris</strong></span> <span class='ocrx_word' id='word_1_153' title='bbox 1005 2879 1135 2925; x_wconf 88' lang='lat' dir='ltr'><strong>meum.</strong></span> <span class='ocrx_word' id='word_1_154' title='bbox 1152 2853 1259 2954; x_wconf 77' lang='lat' dir='ltr'><strong>Vale,</strong></span> 
     </span>
     <span class='ocr_line' id='line_1_22' title="bbox 255 2961 1255 3084; baseline 0.01 -39"><span class='ocrx_word' id='word_1_155' title='bbox 255 2988 293 3046; x_wconf 87' lang='lat' dir='ltr'><strong>et</strong></span> <span class='ocrx_word' id='word_1_156' title='bbox 317 2976 353 3047; x_wconf 91' lang='lat' dir='ltr'><strong>iu</strong></span> <span class='ocrx_word' id='word_1_157' title='bbox 379 3003 550 3078; x_wconf 68' lang='lat' dir='ltr'><strong>censura,⁴</strong></span> <span class='ocrx_word' id='word_1_158' title='bbox 565 2980 595 3051; x_wconf 91' lang='lat' dir='ltr'><strong>si</strong></span> <span class='ocrx_word' id='word_1_159' title='bbox 612 2961 681 3052; x_wconf 90' lang='lat' dir='ltr'><strong>iam</strong></span> <span class='ocrx_word' id='word_1_160' title='bbox 699 3005 735 3051; x_wconf 89' lang='lat' dir='ltr'><strong>es</strong></span> <span class='ocrx_word' id='word_1_161' title='bbox 754 3005 895 3080; x_wconf 79' lang='lat' dir='ltr'><strong>censor,</strong></span> <span class='ocrx_word' id='word_1_162' title='bbox 912 2993 952 3053; x_wconf 92' lang='lat' dir='ltr'><strong>ut</strong></span> <span class='ocrx_word' id='word_1_163' title='bbox 970 3005 1093 3080; x_wconf 85' lang='lat' dir='ltr'><strong>spero,</strong></span> <span class='ocrx_word' id='word_1_164' title='bbox 1111 2981 1157 3055; x_wconf 91' lang='lat' dir='ltr'><strong>de</strong></span> <span class='ocrx_word' id='word_1_165' title='bbox 1173 3007 1255 3084; x_wconf 90' lang='lat' dir='ltr'><strong>pro·</strong></span> 
     </span>
     <span class='ocr_line' id='line_1_23' title="bbox 256 3099 826 3209; baseline 0.011 -37"><span class='ocrx_word' id='word_1_166' title='bbox 256 3126 324 3174; x_wconf 89' lang='lat' dir='ltr'><strong>avo</strong></span> <span class='ocrx_word' id='word_1_167' title='bbox 342 3099 374 3168; x_wconf 72' lang='lat'><strong>³4</strong></span> <span class='ocrx_word' id='word_1_168' title='bbox 399 3105 547 3209; x_wconf 72' lang='lat' dir='ltr'><strong>multum</strong></span> <span class='ocrx_word' id='word_1_169' title='bbox 573 3107 728 3205; x_wconf 89' lang='lat' dir='ltr'><strong>cogitato</strong></span> <span class='ocrx_word' id='word_1_170' title='bbox 754 3119 826 3178; x_wconf 89' lang='lat' dir='ltr'><strong>tuo.</strong></span> 
     </span>
    </p>
   </div>
   <div class='ocr_carea' id='block_1_2' title="bbox 657 3357 1234 3462">
    <p class='ocr_par' dir='ltr' id='par_1_4' title="bbox 657 3357 1234 3462">
     <span class='ocr_line' id='line_1_24' title="bbox 657 3357 1234 3462; baseline 0.035 -32"><span class='ocrx_word' id='word_1_171' title='bbox 657 3357 847 3430; x_wconf 84' lang='lat' dir='ltr'>CCLXVI.</span> <span class='ocrx_word' id='word_1_172' title='bbox 1014 3398 1234 3462; x_wconf 55' lang='lat' dir='ltr'><strong>(Acunum)</strong></span> 
     </span>
    </p>
   </div>
   <div class='ocr_carea' id='block_1_3' title="bbox 253 3527 1256 3616">
    <p class='ocr_par' dir='ltr' id='par_1_5' title="bbox 253 3527 1256 3616">
     <span class='ocr_line' id='line_1_25' title="bbox 253 3527 1256 3616; baseline 0.011 -28"><span class='ocrx_word' id='word_1_173' title='bbox 253 3527 473 3607; x_wconf 63' lang='lat' dir='ltr'><strong>Argentanum.</strong></span> <span class='ocrx_word' id='word_1_174' title='bbox 494 3533 639 3606; x_wconf 82' lang='lat' dir='ltr'><strong>Excusat,</strong></span> <span class='ocrx_word' id='word_1_175' title='bbox 661 3535 743 3615; x_wconf 90' lang='lat' dir='ltr'><strong>quod</strong></span> <span class='ocrx_word' id='word_1_176' title='bbox 764 3535 1011 3616; x_wconf 88' lang='lat' dir='ltr'><strong>supplicationem</strong></span> <span class='ocrx_word' id='word_1_177' title='bbox 1033 3557 1098 3594; x_wconf 89' lang='lat' dir='ltr'><strong>uon</strong></span> <span class='ocrx_word' id='word_1_178' title='bbox 1114 3537 1256 3599; x_wconf 79' lang='lat' dir='ltr'><strong>decreve-</strong></span> 
     </span>
    </p>
   </div>
   <div class='ocr_carea' id='block_1_4' title="bbox 293 3638 1258 3830">
    <p class='ocr_par' dir='ltr' id='par_1_6' title="bbox 293 3638 1258 3830">
     <span class='ocr_line' id='line_1_26' title="bbox 295 3638 1257 3722; baseline 0.012 -30"><span class='ocrx_word' id='word_1_179' title='bbox 295 3638 349 3709; x_wconf 78' lang='lat' dir='ltr'><strong>rit3</strong></span> <span class='ocrx_word' id='word_1_180' title='bbox 373 3648 403 3696; x_wconf 88' lang='lat' dir='ltr'><strong>et</strong></span> <span class='ocrx_word' id='word_1_181' title='bbox 428 3650 528 3699; x_wconf 87' lang='lat' dir='ltr'><strong>tamen</strong></span> <span class='ocrx_word' id='word_1_182' title='bbox 555 3640 704 3700; x_wconf 87' lang='lat' dir='ltr'><strong>decretam</strong></span> <span class='ocrx_word' id='word_1_183' title='bbox 732 3640 855 3722; x_wconf 88' lang='lat' dir='ltr'><strong>gaudet:</strong></span> <span class='ocrx_word' id='word_1_184' title='bbox 885 3661 975 3720; x_wconf 90' lang='lat' dir='ltr'><strong>seque</strong></span> <span class='ocrx_word' id='word_1_185' title='bbox 1001 3639 1257 3706; x_wconf 85' lang='lat' dir='ltr'><strong>honorificentius</strong></span> 
     </span>
     <span class='ocr_line' id='line_1_27' title="bbox 293 3740 1258 3830; baseline 0.012 -31"><span class='ocrx_word' id='word_1_186' title='bbox 293 3740 364 3801; x_wconf 88' lang='lat' dir='ltr'><strong>dicit</strong></span> <span class='ocrx_word' id='word_1_187' title='bbox 376 3748 517 3818; x_wconf 87' lang='lat' dir='ltr'><strong>sensisse,</strong></span> <span class='ocrx_word' id='word_1_188' title='bbox 531 3768 622 3830; x_wconf 91' lang='lat' dir='ltr'><strong>quam</strong></span> <span class='ocrx_word' id='word_1_189' title='bbox 637 3768 701 3818; x_wconf 86' lang='lat' dir='ltr'><strong>eos,</strong></span> <span class='ocrx_word' id='word_1_190' title='bbox 715 3749 764 3828; x_wconf 90' lang='lat' dir='ltr'><strong>qui</strong></span> <span class='ocrx_word' id='word_1_191' title='bbox 781 3747 1030 3829; x_wconf 83' lang='lat' dir='ltr'><strong>supplicationem</strong></span> <span class='ocrx_word' id='word_1_192' title='bbox 1044 3746 1258 3811; x_wconf 84' lang='lat' dir='ltr'><strong>decreverant.</strong></span> 
     </span>
    </p>
   </div>
   <div class='ocr_carea' id='block_1_5' title="bbox 0 0 1318 4854">
    <p class='ocr_par' dir='ltr' id='par_1_7' title="bbox 0 0 1318 4854">
     <span class='ocr_line' id='line_1_28' title="bbox 0 0 1318 4854; baseline 0 5"><span class='ocrx_word' id='word_1_193' title='bbox 0 0 1318 4854; x_wconf 95' lang='lat' dir='ltr'><strong> </strong></span> 
     </span>
    </p>
   </div>
  </div>
 </body>
</html>
