2626 4854
521 364 558 413 ΙΝ
584 360 772 412 ΕΡΙδΤΟῑιΑὸ

580 572 723 634 CCXCll.

146 803 158 841 1
182 781 293 842 Lamb.
315 783 396 844 a.·d.
419 783 482 847 XV
500 786 539 845 K.
561 790 600 845 D.
624 789 707 846 lutra
729 790 830 849 statim
857 788 942 850 abest
963 788 1117 851 Decembr.
1138 812 1157 850 a

184 908 240 947 ms.
261 888 352 962 lieo,
373 901 404 951 et
425 890 516 952 velim
537 890 656 953 abesset
675 891 802 952 inferius
822 912 950 978 semper.

145 1014 162 1053 2
185 995 351 1076 Corcyraei
373 1009 498 1078 portum
519 1019 609 1059 suum
643 996 802 1060 habebant
822 1001 854 1057 in
880 999 975 1081 Epiro
1002 1001 1041 1062 ad
1067 1005 1157 1085 oppi-

184 1104 259 1162 dum
289 1104 470 1186 Cassiopen,
497 1105 580 1186 quod
601 1117 646 1166 est
666 1127 683 1166 e
704 1108 827 1186 regione
855 1106 969 1166 insulae
990 1108 1158 1189 Corcyrae,

183 1229 284 1291 parvo
306 1213 401 1270 maris
421 1208 596 1288 intervallo'3
617 1214 670 1293 qui
691 1223 798 1294 portus
818 1223 849 1272 et
868 1215 933 1294 ipse
957 1211 1095 1294 Cassiope
1113 1227 1159 1275 est

184 1315 285 1376 dictus
310 1317 408 1395 (Plin.
430 1318 486 1390 1V,
509 1340 562 1398 ¹²3
583 1317 694 1380 Strabo
720 1318 773 1380 lib.
794 1318 1158 1403 V11,p.469ed.Fal-

185 1443 268 1496 con.,
289 1423 420 1484 Ptolem.
435 1426 496 1497 lll,
514 1427 576 1508 14).
597 1426 645 1487 Ad
665 1424 749 1486 hunc
769 1428 852 1486 venit
866 1426 973 1486 Cicero
987 1427 1105 1488 solvens
1118 1427 1158 1488 ab

183 1532 286 1592 insula
311 1533 465 1612 Corcyra,
490 1532 573 1614 quod
599 1553 635 1593 ex
657 1532 709 1592 illo
737 1533 874 1593 traiicere
900 1531 1097 1593 Brundisium
1127 1536 1159 1594 in

184 1640 308 1699 ltaliam
339 1637 476 1699 solebant
501 1640 626 1700 veteres.
653 1639 733 1699 Vide
763 1639 939 1699 Graevium.
970 1641 1067 1721 lgitur
1097 1662 1160 1701 non

184 1746 268 1806 bene
292 1746 453 1807 Ernestius
476 1766 498 1805 a
517 1760 608 1825 portu
631 1745 663 1805 C.
684 1745 727 1806 ad
756 1744 805 1818 C.,
824 1748 879 1806 etsi
906 1767 976 1806 mss.
1003 1746 1161 1828 aliquota

179 1867 278 1935 portu
305 1853 395 1913 vele
417 1866 507 1932 portu
532 1852 654 1913 habent.
675 1853 755 1913 Male
784 1863 884 1913 autem
913 1864 1062 1914 mstorum
1088 1853 1161 1937 plu-

182 1963 257 2021 rimi
287 1958 334 2020 arl
354 1959 529 2034 Cassodcm,
552 1957 736 2033 Caspiana,
757 1960 805 2022 vel
827 1960 901 2043 quid
922 1959 1027 2020 simile.

144 2071 160 2128 3
182 2065 302 2128 Ambb.
325 2070 461 2148 quinque
481 2078 512 2127 et
531 2068 602 2128 Rec.
624 2068 776 2128 levissimo.

142 2175 336 2250 dErnestio
356 2171 517 2232 videbatur
538 2172 699 2254 legendum
722 2174 746 2234 is
766 2185 838 2233 erat.
927 2158 928 2162 ἵ

141 2280 160 2340 5
181 2283 269 2342 Viro
292 2279 452 2355 obedieus;
473 2301 519 2360 ep.
540 2279 770 2353 CCLXXXlll,
792 2300 819 2339 2.
849 2329 852 2332 ⁴

138 2387 159 2448 6
178 2391 208 2449 A
231 2384 408 2446 Gebhardo
436 2389 601 2466 repositum
631 2408 666 2447 ex
688 2387 870 2448 Victoriana
893 2386 940 2446 ed.
966 2396 997 2446 et
1022 2387 1163 2447 Vaticani

176 2494 354 2575 excerptis.
375 2491 446 2552 Mss.
467 2492 581 2552 familia
602 2515 681 2554 nunc
701 2492 997 2576 quidem—horton
1017 2491 1105 2552 smb.
1129 2493 1166 2568 ¹4

177 2620 271 2662 nunc
291 2598 429 2679 equalem
450 2609 477 2657 te
498 2599 607 2659 hortor.
949 2592 951 2599 ’

134 2731 153 2790 7
176 2706 316 2769 Veliam
336 2725 397 2764 non
418 2704 603 2765 interfuisses
624 2707 766 2765 convivio
779 2706 926 2785 Lysonis,
946 2707 977 2763 in
998 2724 1061 2784 quo
1075 2705 1163 2784 pueri

177 2811 407 2895 symphoniaci
428 2811 609 2872 cecinerunt.
633 2811 738 2871 Graev.
760 2811 920 2870 Rationem
951 2810 1039 2870 affert
1066 2809 1163 2869 Cella-

178 2924 271 2991 rius,
300 2918 384 2999 quod
410 2917 524 2978 scilicet
552 2919 628 2980 Tiro
655 2917 912 2989 valetudinarius,
933 2938 1029 2997 quum
1051 2937 1082 2976 se
1102 2918 1165 2976 aiiri

180 3027 402 3109 exposuisset,
427 3026 515 3106 peius
541 3045 572 3083 se
599 3022 713 3085 habere
739 3035 890 3105 coeperat.
919 3025 958 3084 At
984 3023 1105 3105 planior
1131 3021 1169 3082 fit

184 3153 301 3203 causa,
315 3134 340 3190 si
354 3131 435 3212 legas
456 3128 620 3200 συμπόσιον,
641 3132 802 3191 convivium
809 3177 820 3204 ,
838 3133 887 3190 cui
903 3152 999 3211 quum
1014 3130 1169 3190 intentuis·

187 3250 238 3299 set
260 3239 354 3309 Tiro,
366 3239 450 3320 plus,
464 3259 555 3317 quam
572 3248 733 3320 parasset,
747 3238 873 3298 fortasse
890 3237 949 3298 cibi
965 3238 1083 3296 sumsit.
1097 3237 1168 3296 Mox

192 3345 302 3404 vellem
328 3343 413 3404 dedit
437 3343 565 3415 Schiitz,
585 3356 616 3404 et
640 3355 685 3405 est
705 3347 737 3404 in
757 3343 837 3404 libro
858 3345 929 3404 Rec.
951 3354 982 3404 et
1001 3343 1048 3403 ed.
1069 3342 1170 3413 Med,

197 3451 294 3531 uulgo
315 3453 398 3511 velim
419 3452 548 3511 vitasses.

163 3555 185 3617 8
203 3557 297 3628 idest,
311 3579 348 3616 ne
361 3556 490 3616 morbus
504 3567 574 3616 tuus
588 3557 627 3616 ad
642 3566 774 3637 quatuor
787 3554 993 3616 hebdomadas
1007 3551 1170 3636 protrahe-

207 3673 294 3721 retur.
320 3664 396 3723 Gell.
411 3662 464 3723 lib.
486 3663 548 3734 lll,
567 3685 616 3723 ro:
638 3663 818 3723 Discrimina
836 3663 1035 3743 periculorum
1048 3661 1079 3718 in
1092 3679 1169 3718 mor-

140 3753 147 3767 *
214 3767 251 3826 lis
268 3771 373 3830 maimo
394 3772 421 3829 vi
433 3770 506 3851 fieri
520 3783 630 3851 putant
649 3772 680 3830 ia
699 3768 817 3840 diebru,
838 3770 891 3850 qui
914 3767 1110 3848 conficiuntur
1127 3786 1170 3826 cx

219 3891 324 3936 nunwro
342 3877 513 3958 septenarii,
537 3896 644 3957 eosque
667 3874 731 3938 dies
751 3877 882 3939 ornruum
907 3874 1039 3937 martiar
1058 3875 1100 3934 ita
1111 3917 1122 3946 ,
1143 3884 1176 3934 ut
