2626 4854
520 368 564 416 rr
592 363 781 414 nrrsronls
1082 343 1148 416 281

187 490 250 553 quo
273 473 304 530 in
326 489 373 552 ep.
396 467 519 541 CCLll,
547 490 575 551 9.
597 468 700 548 Vulgo
721 468 792 527 olim
813 484 850 526 cc
870 465 1019 525 anaximae
1036 477 1155 547 partesr

188 578 333 662 copulam
354 597 390 638 er
411 578 533 658 ingenio
553 575 664 636 delevit
686 575 859 645 Ernestius,
878 583 908 633 et
929 592 998 634 euru
1019 591 1153 653 sequuu·
1232 613 1233 617 ,

184 696 236 746 tur
257 705 370 747 ornnes.

145 793 165 855 8
186 793 315 876 Scripsit
342 793 449 853 Cicero
474 793 503 852 in
528 812 586 876 quo
607 813 630 852 e.
658 811 699 866 r.;
720 792 763 851 sic
788 789 869 850 enim
890 787 991 849 Latini
1023 805 1149 869 semper.

185 900 304 961 Ernest.

144 1029 165 1090 9
184 1008 252 1067 Non
266 1005 493 1078 inconsiderati,
505 1026 568 1068 non
581 1004 778 1086 indulgentis,
791 1004 920 1088 explicat
932 1001 1096 1069 Manutius.
1111 1002 1153 1062 At

184 1114 343 1174 Ernestius
363 1133 425 1175 nou
444 1112 570 1196 probat,
583 1112 760 1194 mavultque
781 1132 840 1172 non
856 1131 920 1172 meo
935 1122 1056 1173 matum.
1077 1109 1149 1171 Mox

184 1222 380 1294 Dicaearchi,
399 1219 573 1302 Geogrephi
601 1221 663 1302 (ep.
684 1218 820 1292 XXVII,
841 1220 892 1297 a),
918 1229 949 1280 et
974 1214 1150 1301 philosophi

183 1327 388 1410 Peripatetici.
416 1327 519 1388 Multis
545 1328 722 1399 nonduibus,
748 1325 851 1386 multis
877 1325 915 1388 de
943 1326 1048 1386 causis.
1068 1321 1150 1383 Infra

182 1435 260 1496 lens.
280 1434 360 1496 Vict.
382 1433 493 1515 aliique
516 1433 666 1494 Charonis.
695 1433 881 1494 Chaeronem
911 1430 1071 1493 induxerat
1094 1430 1151 1489 Di·

151 1559 154 1567 ·
183 1538 348 1601 caeerchus
369 1536 557 1613 narrantem,
578 1561 657 1622 quae
676 1543 709 1600 in
729 1538 903 1622 Trophonii
923 1548 1013 1599 antro
1034 1556 1150 1618 coguo-
1181 1543 1185 1549 '

182 1650 283 1708 risset.
304 1647 465 1708 luduxerat
484 1658 585 1709 autem
606 1647 744 1729 inlibris
764 1657 828 1731 περὶ
841 1661 890 1719 τῆς
903 1657 940 1719 εἰς
954 1655 1090 1732 rasolo
1103 1673 1149 1709 aa·

186 1763 331 1836 ταβάσιως
353 1755 418 1833 (De
437 1753 578 1821 descensu
591 1757 622 1815 in
639 1753 800 1836 Trophonii
816 1756 966 1833 anuum),
986 1772 1063 1834 quos
1076 1753 1150 1812 citat

180 1863 353 1924 Athenaeus
375 1860 427 1922 lib.
447 1863 521 1922 Xlll
542 1860 952 1946 p.595,et641ed.Lugd.
978 1859 1062 1942 1657.
1083 1861 1146 1920 Au-

179 1983 242 2034 ton.
258 1972 441 2051 Augustinus
460 1968 594 2029 malebat
616 1966 794 2030 Chaerontis.
814 1969 891 2029 Erat
908 1979 1009 2031 autem
1023 1979 1145 2030 autrum

179 2077 256 2139 illud
270 2079 301 2137 in
314 2077 456 2149 Boeotia,
476 2096 516 2138 ex
536 2097 634 2165 eoque
655 2077 779 2138 oracula
799 2076 983 2154 edebantur,
1006 2075 1067 2139 Cic.
1082 2075 1147 2137 Nat.

160 2185 272 2245 .Deor.
295 2184 352 2255 ΙΙΙ,
378 2203 420 2266 19·
479 2247 481 2253 ,

145 2312 178 2351 ro
198 2290 271 2352 Sine
292 2288 388 2352 dubio
408 2289 620 2372 corrigendum
640 2291 705 2351 sint.
725 2290 844 2352 Ernest.

144 2417 174 2457 rr
197 2396 343 2458 Verbum
352 2397 482 2460 insolens
493 2418 554 2481 pro
562 2397 692 2482 simplici
706 2398 838 2460 credens.
849 2398 948 2460 Plaut.
962 2399 1042 2461 Asin.
1055 2399 1108 2472 ΙΙΙ,
1119 2400 1147 2473 3,

178 2525 206 2564 v.
229 2505 284 2583 37:
368 2501 369 2506 '

433 2665 558 2737 Quisnam
576 2666 643 2719 istuc
660 2665 780 2719 accredat
797 2666 853 2719 tibi.

180 2829 268 2890 Libri
289 2841 360 2891 vett.
381 2830 566 2912 aggrediens3
587 2853 666 2893 unus
688 2832 770 2916 apud
790 2831 898 2893 Lamb.
918 2835 947 2894 ei
964 2831 1092 2894 credens.

149 2956 180 2996 ra
201 2943 249 2998 An
263 2938 450 2999 Dicaearcho
462 2950 507 2999 est
520 2959 538 2998 a
552 2939 738 3020 glossatore?
752 2939 802 3001 Sic
814 2938 976 3001 videbatur
987 2941 1018 3000 et
1028 2939 1063 3001 P,
1077 2940 1145 3001 Ma·-

176 3046 272 3104 nutio.
293 3044 410 3105 Emest.
424 3044 508 3105 lnfra
521 3046 558 3106 V
553 3044 828 3119 errario-Cluvio,
848 3048 1042 3128 argentariis,
1061 3048 1144 3130 apud

176 3170 254 3231 quos
275 3153 391 3211 Atticus
412 3162 442 3213 et
462 3152 568 3212 Cicero
588 3155 748 3236 pecuniam
762 3153 914 3237 deponere
928 3153 1075 3215 solebant.
1093 3154 1143 3216 lo-

175 3279 263 3332 cose,
283 3260 383 3341 inquit
403 3257 529 3333 Schiitz,
549 3259 641 3321 fidem
662 3260 800 3322 historlci
815 3274 971 3345 comparat
992 3282 1061 3322 curn
1082 3260 1143 3322 fide

177 3366 396 3427 feneratorum.
416 3367 504 3428 Multi
529 3367 683 3429 Ciceronis
703 3369 763 3429 ioci
784 3371 816 3428 in
830 3370 1142 3453 Atticumpccunlam

174 3475 351 3555 respiciunt.
373 3472 422 3534 Sic
442 3495 467 3534 e.
489 3496 514 3535 c.
528 3496 575 3557 ep.
591 3474 713 3548 CCLll,
735 3477 767 3537 3:
790 3477 860 3538 Duo
883 3491 971 3538 tresve
988 3475 1144 3559 perdrhites

174 3593 243 3640 runt
249 3607 259 3656 ,·
273 3579 328 3640 sed
348 3583 369 3640 ii
386 3603 471 3642 ruam
487 3595 547 3642 tam
559 3581 714 3663 diligenter
727 3596 837 3656 tenent,
848 3605 939 3666 quam
953 3596 1000 3658 tu,
1012 3595 1066 3644 aut
1081 3602 1142 3661 ego.

143 3685 175 3745 ¹3
196 3688 323 3750 Erravit
333 3688 550 3762 Dicaearchus,
563 3693 586 3750 si
601 3690 723 3773 quidem
736 3690 796 3751 hoc
808 3697 906 3752 sensit.
918 3692 994 3751 Nam
1001 3689 1143 3770 Lepreon

174 3794 324 3855 Arcadiae
338 3797 391 3877 qui
404 3807 504 3878 potest
518 3797 665 3880 oppidum
682 3801 869 3859 maritimum'
884 3798 964 3859 essel
978 3816 1072 3878 quum
1087 3796 1142 3855 Ar-

174 3901 261 3964 cadia
276 3905 315 3964 sit
328 3905 414 3985 regio
425 3904 646 3968 mediterranea
653 3951 664 3980 ‚
684 3918 714 3969 et
733 3906 868 3989 undique
881 3926 899 3966 a
913 3906 989 3965 mari
1011 3913 1142 3975 remote,
