2626 4854
166 335 235 408 188
471 348 643 401 rrrsrots
668 350 849 399 ccumrv.
948 349 1029 400 Η.
1048 349 1078 398 c.
1097 350 1142 412 ,οῦ
1191 319 1193 323 ’

159 483 302 531 sensum
318 469 438 528 tamen
454 480 529 528 esse
547 456 690 554 Catoni,
713 453 924 526 amicissimo
940 479 1041 554 mec,
1058 482 1162 556 quum

157 585 189 657 is
213 581 604 655 honorificentissimam
628 582 667 653 in
692 606 749 654 me
775 581 987 654 sententiam
1005 580 1164 682 dixisset3

157 736 225 783 nec
241 735 298 783 me
311 707 357 782 ad
370 734 407 781 se
424 707 512 781 ullas
528 707 646 782 literas
663 709 816 809 misisse,
833 734 951 810 ⁴quum
977 707 1026 781 ad
1043 734 1163 784 omnes

144 837 344 911 mitterem.
369 830 505 911 Verum
530 834 679 911 dicebat
713 835 772 910 Ad
803 861 883 908 eum
917 835 1014 910 enim
1038 834 1165 938 solum,

156 978 195 1038 et
219 964 267 1037 ad
290 962 538 1064 Crassipedem
562 990 636 1038 non
660 964 878 1065 scripseram.

207 1089 230 1165 5
256 1097 371 1192 Atque
396 1090 484 1165 haec
518 1090 562 1165 de
598 1089 704 1164 rebus
736 1089 941 1166 forensibus.
967 1089 1161 1165 Redeamus

157 1216 312 1290 domum.
329 1218 526 1318 Diiungere
551 1237 609 1291 tnc
633 1218 679 1291 ab
704 1218 766 1292 illo
792 1220 824 1269 ³⁵
852 1217 946 1292 volo.
973 1219 1088 1293 Mirus
1116 1233 1163 1293 est

155 1350 308 1442 φυράτης,
335 1370 519 1443 germanus
544 1344 723 1419 Lartidius
740 1345 782 1417 ³⁶.

204 1512 321 1622 ’Atta'
336 1527 375 1594 roi
401 1527 455 1617 μὲν
480 1530 688 1621 προτετύχθαι
715 1529 844 1618 ἐάσομεν
851 1581 862 1625 ,
886 1532 1059 1620 ἀχνύμενοί
1077 1555 1140 1625 περ.

154 1717 301 1822 Reliqua
318 1718 555 1821 expediamus.
573 1722 652 1794 Hoc
670 1723 843 1823 primum,
869 1750 942 1826 quo
959 1726 991 1792 ³⁷
1020 1727 1159 1800 accessit

154 1871 238 1918 cura
264 1846 380 1920 dolori
403 1873 484 1921 meo
503 1849 551 1920 ³⁸:
577 1847 641 1921 sed
657 1847 727 1922 hoc
747 1863 884 1951 tamen,
909 1851 1085 1955 quicquid
1101 1867 1156 1952 est,

152 1973 385 2046 Praecianum
400 2001 480 2050 cum
493 1974 748 2076 iisrationibus‚
755 2004 841 2079 quas
851 1977 1017 2054 illemeas
1030 1994 1158 2079 tractat,

155 2097 341 2174 admisceri
358 2100 452 2176 nolo.
470 2103 601 2203 Scripsi
618 2102 665 2176 ad
676 2104 899 2206 Terentiam,
915 2107 1045 2209 scripsi
1061 2110 1156 2184 etiarn

153 2221 201 2296 ad
224 2225 356 2327 ipsum,
380 2253 455 2328 me,
481 2229 663 2333 quicquid·
677 2257 818 2332 possem
842 2258 1091 2336 nummorum,
1120 2233 1155 2309 ad

152 2366 363 2449 apparatum
389 2356 520 2455 sperati
545 2357 716 2458 triumphi
741 2359 788 2431 ad
813 2373 848 2432 te
873 2360 1107 2436 redacturum
1121 2363 1152 2434 ³⁹.

151 2475 223 2548 Ista
250 2491 339 2577 puto
366 2489 513 2574 ἄμεμπτα
531 2481 626 2555 fore:
652 2511 775 2559 verum
792 2501 832 2559 ut
847 2484 986 2561 luhcbit
1000 2485 1045 2560 4⁰.
1063 2491 1150 2563 Hanc

151 2628 294 2706 quoque
319 2609 458 2708 suscipe
492 2634 634 2710 curam,
671 2612 972 2713 quemadmodum
1006 2618 1149 2718 experia-

150 2754 231 2805 mur
248 2730 290 2804 41.
316 2733 360 2807 Id
386 2748 422 2806 et
447 2749 486 2808 tu
518 2737 705 2811 ostendisti
732 2739 942 2841 quibusdam
968 2742 1098 2843 literis,
1117 2767 1148 2814 ex

149 2852 261 2955 Epiro
279 2884 324 2931 an
341 2860 489 2936 Athenis
508 2862 620 2938 datisl
645 2879 681 2938 et
700 2866 737 2939 in
754 2893 797 2940 eo
815 2893 880 2966 ego
909 2883 945 2941 te
971 2869 1144 2947 adiuvabo.

395 3170 397 3175 .
526 3119 778 3194 CCLXXXV.
889 3165 943 3224 (aa
958 3167 1013 3212 niv.
1029 3166 1127 3228 xv1,1)

150 3283 371 3364 Argumentum.
397 3291 494 3352 Suum
516 3294 699 3358 desiderium
722 3301 849 3373 Tironi,
872 3323 965 3381 quem
988 3304 1086 3364 Patris
1106 3321 1142 3360 ae·

191 3404 313 3472 grotum
335 3397 514 3480 reliquerat,
546 3404 712 3484 significat,
744 3410 835 3489 eique
856 3410 1035 3473 valitudinis
1056 3425 1138 3472 curan

193 3498 358 3582 diligenter
379 3509 579 3570 commendat.
