2626 4854
160 335 231 428 224
492 359 666 407 sris-rota
692 358 825 406 ccxciv.
944 356 977 406 t.
994 361 1029 406 v.
1047 361 1076 406 c.
1094 333 1139 424 jos

159 461 281 534 addito
306 463 344 534 C.
361 462 484 534 Cassio
511 464 561 560 ²⁵,
586 487 728 558 omnes,
755 461 814 561 qui
839 486 917 533 aero
943 460 1063 535 alieno
1090 490 1162 562 pre*

158 601 316 686 mantur;
346 612 435 688 quos
464 586 582 686 plures
608 613 684 660 esse
715 586 894 686 intelligo,
932 613 1039 688 quam
1066 601 1163 688 puta·

156 740 241 789 ram.
267 717 417 788 Causam
444 713 560 786 solum
585 713 644 786 illa
672 739 777 788 causa
803 717 836 765 ²⁶
861 739 936 787 non
959 713 1088 813 habet,
1112 741 1163 787 ce-

157 842 241 915 teris
266 839 370 914 rebus
396 839 562 913 abundat.
589 842 658 915 Hic
684 842 805 915 omnia
837 841 952 915 lacere
977 867 1103 917 omnes
1120 858 1163 937 ²7,

156 994 202 1043 ne
228 968 332 1039 armis
359 946 586 1066 decernatur,
620 994 772 1069 quorum
804 969 917 1043 exitus
949 994 1090 1067 semper
1114 969 1162 1041 in-

158 1095 261 1192 certi,
285 1120 380 1166 nunc
404 1120 490 1168 vero
516 1096 548 1144 ²⁸
574 1095 612 1167 in
638 1094 783 1168 alteram
817 1108 955 1194 partem
986 1100 1101 1192 magis
1123 1096 1162 1165 ti-

157 1220 286 1295 mendi.
302 1218 449 1294 Bibulus
476 1220 519 1293 de
546 1221 731 1320 provincia
758 1220 909 1293 decessit
926 1235 974 1319 ²9,
999 1222 1162 1294 Veiento·

155 1375 238 1421 nem
249 1347 426 1447 praefecit.
440 1349 483 1422 In
500 1346 707 1420 decedendo
725 1348 810 1444 erit,
828 1360 868 1419 ut
885 1347 1003 1445 audio,
1016 1346 1161 1422 tardior:

158 1501 263 1577 quem
280 1500 389 1576 quum
409 1474 550 1546 ornavit
566 1474 657 1546 Cato
676 1474 725 1572 ³⁰,
746 1472 951 1571 declaravit,
967 1472 1011 1545 iis
1029 1498 1068 1546 se
1085 1471 1161 1545 solis

156 1626 231 1673 non
254 1599 426 1697 invidere,
460 1598 586 1700 quibus
618 1597 709 1673 nihil
743 1613 804 1671 aut
835 1624 910 1677 non
943 1598 1094 1675 multum
1120 1596 1162 1673 ad

157 1727 364 1826 dignitatem
390 1739 511 1826 posset
536 1726 711 1800 accedere.

208 1855 229 1930 3
256 1852 359 1928 Nunc
386 1853 491 1926 venio
517 1851 564 1924 ad
588 1852 736 1952 privata.
759 1851 849 1927 Fere
876 1852 970 1924 enim
995 1850 1160 1951 respondi

156 1980 226 2059 tuis
250 1979 359 2051 literis
386 1978 430 2050 de
455 2004 493 2051 re
518 1977 678 2078 publica,
703 1992 739 2050 et
764 1979 829 2076 iis,
864 2004 951 2079 quas
976 1978 1015 2051 in
1042 1976 1161 2052 subur-

154 2104 272 2204 bano,
304 2119 341 2178 et
365 2107 426 2203 iis,
458 2131 545 2205 quas
578 2119 702 2203 postea
728 2105 906 2205 scripsisti.
942 2103 1002 2177 Ad
1026 2104 1159 2204 privata

157 2233 260 2305 venio
286 2233 327 2303 ³¹.
353 2231 479 2305 Unum
504 2230 611 2302 etiarn
637 2231 681 2303 de
706 2230 835 2305 Caelio.
863 2232 1021 2311 Tantum
1049 2229 1158 2330 abest,

155 2370 196 2437 ut
219 2384 336 2431 meam
359 2356 418 2429 ille
443 2359 654 2431 sententiam
679 2371 823 2449 moyeat
839 2359 889 2457 ³²,
912 2372 954 2431 ut
970 2356 1078 2432 valde
1098 2382 1157 2456 ego

154 2486 240 2586 ipsi,
265 2484 362 2587 quod
389 2484 432 2556 de
458 2511 521 2557 sua
547 2486 720 2558 sententia
748 2485 936 2562 decesserit
963 2485 1016 2583 33,
1040 2484 1156 2584 poeni·

154 2611 302 2691 tendum
328 2627 461 2712 putem.
488 2610 560 2685 Sed
584 2612 671 2713 quid
697 2627 768 2711 est,
795 2611 892 2714 quod
916 2613 949 2683 ei
974 2613 1046 2687 vici
1071 2614 1155 2688 Luc·

155 2740 220 2813 ceii
245 2741 315 2816 sint
340 2738 473 2816 addicti
503 2738 561 2811 34?
587 2740 666 2816 Hoc
694 2753 727 2811 te
753 2738 1029 2840 praetermisisse
1046 2739 1154 2813 miror.

202 2993 306 3085 lee
331 2989 523 3065 Philotimo
541 2994 592 3090 33,
617 2993 742 3065 faciam
767 2990 945 3092 equidem,
970 3005 1012 3062 ut
1029 3016 1153 3064 mones.

153 3117 224 3188 Sed
249 3144 314 3216 ego
339 3119 425 3189 mihi
452 3120 496 3191 ab
523 3119 601 3217 illo,
627 3119 696 3192 hoc
714 3133 891 3218 tempore,
915 3143 992 3190 non
1009 3119 1153 3191 rationes

151 3219 409 3343 exspectabam,
426 3272 512 3353 quas
531 3245 595 3317 tibi
607 3245 729 3344 edidit,
741 3272 863 3319 verum
880 3244 920 3316 id
931 3243 1108 3346 reliquum
1119 3245 1153 3339 33,

152 3369 249 3471 quod
274 3371 349 3470 ipse
374 3373 412 3443 in
438 3372 640 3446 Tusculano
666 3398 723 3443 me
756 3372 882 3444 referre
916 3373 952 3443 in
981 3396 1152 3445 commen·

150 3498 279 3574 tarium
305 3525 382 3571 mea
408 3525 513 3570 manu
541 3499 673 3599 voluit,
702 3499 866 3600 quodque
892 3497 990 3571 idern
1016 3501 1055 3570 in
1080 3497 1151 3573 Asia

149 3622 236 3696 milri
262 3651 324 3698 sua
350 3653 456 3698 manu
483 3628 653 3725 seriptum
679 3625 784 3698 dedit.
820 3624 864 3698 Id
889 3626 917 3697 si
944 3636 1150 3725 praestaret,

150 3766 320 3848 quantum
344 3753 432 3824 milri
449 3754 538 3825 aeris
556 3751 659 3825 alieni
685 3779 759 3824 esse
776 3750 826 3823 ibi
843 3750 974 3849 edidit,
1004 3765 1148 3844 tantum,
1179 3753 1181 3757 ’

150 3887 186 3948 et
211 3876 288 3978 plus
315 3879 437 3978 etiam,
463 3880 538 3984 ipse
563 3879 651 3953 mihi
678 3879 829 3954 deberet.
849 3877 921 3953 Sed
938 3878 976 3953 in
1002 3877 1072 3953 hoc
1097 3901 1144 3974 gc·
