2626 4854
147 309 220 385 328
513 323 785 375 snuorrrrours

146 430 168 493 8
188 432 332 496 Terentia
351 439 383 491 et
401 427 507 489 Marco
526 427 640 487 Caelio.
662 422 786 486 Corrad.

146 539 256 625 gseil.
276 548 313 600 ut
331 535 436 598 Tullia
454 554 524 596 mea
554 555 591 595 eo
617 544 756 616 tempore
783 530 961 595 Dolabellae
985 540 1147 598 accusatori

119 664 125 677 ·
186 659 241 709 tuo
266 644 479 715 collocaretur,
499 661 561 724 quo
587 660 644 722 ego
670 639 761 722 longe
780 640 882 701 Roma
906 640 1057 717 aberam,
1082 664 1147 718 nec,

151 820 157 830 ,
186 752 301 836 quida
326 752 402 812 meis
429 759 590 831 ageretur,
617 746 759 809 sciebam.
789 747 874 810 Haec
893 759 939 810 est
958 748 1030 822 illa,
1061 772 1147 834 quam

186 851 261 912 dicit
280 850 485 934 opportunitas
506 847 652 931 temporis.
673 845 794 908 Sebuu.

151 978 189 1020 ro
208 958 270 1019 Zel.
290 957 323 1018 B.
341 957 494 1040 patientia.

149 1086 181 1127 11
204 1066 252 1126 De
271 1066 393 1148 nuptiis.
414 1062 532 1124 Manat.

148 1192 185 1232 ra
206 1171 341 1243 Scilicet,
359 1169 419 1230 boc
437 1191 487 1230 me
508 1168 643 1241 mordet,
664 1188 749 1242 eum,
770 1169 823 1251 qui
845 1189 929 1229 nunc
949 1189 1046 1251 gener
1064 1191 1145 1231 meus

185 1278 283 1340 faetus
309 1280 363 1351 sit,
391 1288 597 1338 accusatorem
622 1276 711 1337 tuum
725 1261 836 1338 ¹fuisse.
858 1275 980 1338 Subiitz.
1003 1276 1092 1338 Amb.
1116 1278 1147 1338 13

185 1406 280 1469 neque
301 1396 399 1445 tamen
418 1405 478 1445 nen
497 1404 544 1444 mc
563 1405 602 1447 m.
622 1403 652 1444 a

150 1494 187 1555 13
205 1495 252 1555 lta
272 1491 360 1554 codd.
380 1491 469 1552 multi
489 1490 573 1574 apud
599 1490 810 1575 Benedictum‚
837 1500 869 1551 et
889 1488 1084 1552 Ambrosiani
1111 1491 1145 1551 ad

184 1621 282 1662 unum
303 1620 422 1672 ornnes,
436 1597 498 1659 Zel.
511 1597 545 1657 B.
558 1607 589 1658 et
601 1597 670 1659 edd.
691 1597 748 1658 Ro.
768 1597 879 1659 Minut.
900 1618 971 1658 cum
989 1597 1147 1658 Benedicta

185 1719 217 1769 et
237 1705 395 1783 Schtitzi03
425 1716 456 1767 et
475 1725 579 1766 sensus
599 1714 659 1776 est,
679 1716 715 1765 ut
740 1702 791 1765 hic
816 1704 975 1788 explanat:
998 1694 1079 1767 Nam'
1096 1709 1145 1766 etsi

183 1835 247 1876 non
263 1833 385 1886 vereor,
403 1834 442 1873 ne
461 1822 494 1873 tu
508 1832 571 1872 non
583 1814 745 1896 perspicias
759 1811 826 1873 illas
837 1811 1021 1875 Dolabellae
1034 1823 1064 1874 et
1077 1813 1147 1874 Tul·

184 1920 243 1981 liae
262 1921 385 2004 nuptias
405 1940 454 1980 me
475 1917 599 1979 absente
620 1931 651 1980 et
670 1921 814 1981 insciente
833 1940 898 1980 esse
920 1920 1030 1996 factas3
1049 1930 1146 1980 tumen

183 2026 245 2088 hoc
264 2025 340 2087 mihi
360 2028 509 2100 occurrit,
530 2024 615 2108 quod
635 2025 735 2087 dicere
756 2028 870 2110 possis:
900 2027 976 2108 quid
1003 2038 1039 2088 tu
1059 2029 1145 2109 igitur

183 2133 317 2206 fecisses,
338 2135 361 2193 si
383 2133 542 2194 affuissesl
562 2132 665 2214 Vulgo
686 2133 716 2193 in
736 2154 795 2218 quo
816 2155 907 2195 unum
926 2155 1039 2196 vereor.

149 2239 186 2318 14
205 2239 296 2300 Multi
313 2250 505 2312 nostrorum,
517 2240 589 2301 Rec.
602 2250 634 2301 et
646 2239 714 2302 edd.
727 2251 798 2303 vett.
811 2242 849 2302 ab
863 2241 928 2302 itus.
941 2242 1019 2303 Mox
1032 2241 1146 2303 ambs

184 2366 238 2426 ego
258 2347 300 2406 ita
319 2344 537 2407 mandaveram.

148 2451 186 2513 15
206 2452 257 2514 Sic
276 2452 450 2535 loquentem
471 2454 588 2516 inducit
607 2455 750 2538 Appium.
772 2453 829 2516 Cui
844 2455 951 2517 Cicero
972 2459 1143 2542 respondet:

183 2560 259 2620 Rem
275 2560 455 2644 probassem.
476 2560 638 2623 Probasset
657 2573 773 2636 autem,
793 2585 832 2624 ne
851 2565 930 2625 male
943 2569 1144 2639 ominaretur,

182 2678 219 2729 ut
238 2669 392 2751 proxime:
421 2672 612 2753 nequeenim
634 2671 742 2730 tristius
760 2669 857 2730 dicere
876 2673 1040 2755 quicquam
1060 2672 1143 2732 debeo

176 2780 221 2834 ‘ea
241 2774 280 2835 de
300 2797 348 2849 re,
368 2797 459 2859 quam
479 2790 511 2838 tu
529 2778 590 2859 ipse
609 2756 753 2838 ominibus
771 2780 885 2860 optimis
901 2782 1101 2863 prosequeris.

150 2880 186 2942 16
208 2881 327 2942 Scilicet
347 2894 430 2955 ante,
451 2902 544 2965 quam
564 2882 743 2944 Dolabellae
763 2883 857 2944 filiam
877 2905 982 2945 meam
1005 2887 1141 2947 collocas·

183 3008 262 3060 sem,
283 2991 307 3048 si
328 2989 496 3063 affuissem,
515 3001 546 3051 te
566 2991 795 3068 consuluissem
822 3012 858 3052 ac
883 2995 907 3052 si
935 2993 1141 3054 intellexissem

183 3104 214 3154 te
235 3096 331 3154 invito
351 3099 472 3178 nuptias
493 3118 530 3157 eo
551 3100 617 3180 ipso
638 3107 777 3182 tempore
791 3098 874 3171 fieri,
895 3121 959 3181 quo
982 3101 1035 3161 ille
1056 3112 1085 3161 te
1098 3122 1139 3160 ac·

184 3213 330 3275 eusasset,
351 3225 400 3263 eas
422 3207 453 3263 in
474 3204 558 3265 aliud
579 3217 698 3289 tempus
719 3205 907 3267 distulissem.
930 3197 1055 3269 Schr'ttz.

146 3328 181 3390 ¹7
203 3307 292 3368 Amb.
318 3309 354 3370 15
374 3322 513 3373 tractasse
533 3333 602 3373 rem.

146 3414 182 3478 18
202 3415 411 3478 Restituerunt
430 3417 490 3480 hoc
502 3420 649 3482 Graevius
663 3432 692 3483 et
706 3421 878 3496 Ernestius3
898 3419 971 3481 libri
996 3432 1068 3484 ante
1081 3422 1140 3484 illos

183 3523 271 3584 multi
291 3526 467 3586 renuntiata.
540 3511 544 3519 ¹

147 3650 183 3712 19
204 3631 307 3714 Vulgo
328 3646 357 3692 et
376 3633 451 3705 iam,·
476 3633 527 3694 sed
548 3627 580 3686 τό
606 3650 635 3696 et
660 3636 760 3696 delent
784 3654 853 3694 cum
880 3632 1025 3698 Schiitzio
1052 3636 1140 3697 nostri

182 3736 203 3797 6
224 3750 254 3800 et
278 3740 327 3815 ¹33
350 3761 482 3822 quorum
502 3741 553 3804 hic
573 3755 603 3805 et
624 3746 767 3828 septimus
788 3752 963 3823 utrumque.

144 3861 183 3902 ao
203 3843 260 3927 Ep.
282 3846 379 3922 CCV,
402 3871 429 3913 a.
