2626 4854
144 342 156 363 ⁸
265 338 337 431 334
631 353 904 405 nasammonas

261 464 284 527 8
304 464 374 523 Reo.
394 481 456 522 non
476 457 571 519 habet
593 457 687 519 abab.

262 566 488 654 9Triumpbo.
510 566 587 625 Nam
608 565 861 648 supplicationem
890 574 1010 626 senatus
1036 568 1098 626 iam
1133 564 1272 628 decreve-

303 687 368 751 ταῖς
387 696 455 758 epp.
466 674 668 745 CCLXXffl,
686 694 696 731 1
710 672 932 749 ,CCLXX1v3
951 683 983 735 et
995 672 1178 755 intelligitur
1190 675 1271 735 inim.

267 805 303 847 10
324 783 476 842 Nimirum
496 779 680 862 triumphus.
692 779 781 841 Multi
799 778 870 841 iibri
884 800 954 843 mss.
976 802 1047 841 cum
1059 779 1173 841 Lamb.
1196 780 1269 843 Oliv.

302 889 452 951 acciderit.

267 1018 298 1059 ιι
321 998 394 1059 Duo
408 994 519 1057 Ambb.
543 1013 561 1054 2
582 1005 612 1056 et
639 1013 759 1055 mcum
771 992 924 1057 Lambino
936 1007 967 1054 et
978 995 1143 1077 scripsisse3
1165 995 1269 1056 Ambb.

302 1127 321 1186 7
342 1114 373 1165 et
397 1102 434 1165 15
453 1115 483 1164 et
501 1103 623 1163 semisse
643 1100 745 1178 viiie03
765 1101 836 1162 Rec.
850 1122 922 1161 eum
942 1100 1009 1162 edd.
1025 1112 1098 1162 vett.
1111 1101 1221 1183 secisse
1234 1115 1269 1174 se,

300 1222 332 1271 et
350 1210 501 1292 scripsisse
519 1223 550 1270 et
569 1209 663 1270 venies
682 1208 804 1269 semisse
823 1230 866 1284 v.;
890 1207 944 1269 alii
963 1206 1073 1269 Ambb.
1092 1207 1205 1290 secisse
1226 1222 1268 1280 tc,

301 1318 512 1400 ascripsisse,
531 1316 581 1378 vei
603 1330 632 1376 te
642 1314 674 1398 s
695 1328 725 1375 es
743 1316 894 1397 scripsisse
914 1337 940 1375 v.
1023 1334 1026 1341 ·

229 1410 231 1415 ’
265 1444 299 1484 sa
319 1422 366 1483 Ex
388 1444 442 1496 eo,
462 1423 547 1505 quod
566 1434 602 1484 tu
623 1421 783 1483 scribendo
797 1421 928 1495 antisti.
947 1420 1084 1494 haussi,
1106 1431 1144 1482 ut
1156 1432 1265 1483 nostra-

299 1541 346 1595 tes
365 1530 521 1603 dicerem,
541 1528 706 1611 obsignasti
721 1529 876 1590 decretum
898 1528 949 1607 (a
967 1550 1015 1611 ep.
1030 1529 1204 1601 ccxxi-11,
1216 1531 1264 1609 3),

301 1657 336 1698 ex
356 1657 394 1698 eo
415 1639 511 1710 sensi,
532 1637 767 1720 supplioationes
786 1635 863 1697 mibi
882 1635 1020 1697 decretu
1033 1635 1130 1697 fuisse
1150 1635 1205 1697 tibi
1224 1640 1263 1697 iu-

286 1737 430 1804 'eunden

266 1852 301 1911 13
324 1849 509 1934 Emergebat
530 1852 591 1911 iam
612 1852 690 1911 inter
710 1851 869 1911 Caesarem
895 1860 927 1912 et
950 1850 1138 1939 Pompeiam
1159 1849 1261 1911 discos·

268 1968 272 1973 '
301 1957 366 2029 dia,
387 1978 466 2039 quae
486 1955 575 2019 civile
595 1955 729 2030 bellum,
749 1960 794 2018 rei
813 1957 899 2040 pubi.
918 1942 1147 2041 perniciosam,
1166 1959 1261 2020 excita·

300 2067 354 2124 vit.
375 2063 541 2126 Manutius.

672 2277 868 2340 cchxxlx.
908 2336 916 2349 ,
1005 2306 1008 2311 ·

266 2510 276 2548 1
302 2485 359 2549 Ed.
381 2489 438 2551 Ro.
461 2489 505 2550 M.
528 2490 647 2553 Caelius
668 2491 712 2553 M.
738 2491 772 2553 Τ.
795 2493 928 2557 ciceiam·
944 2494 1017 2575 insp.

264 2618 282 2654 ο,
306 2596 353 2656 Sc.
375 2600 406 2658 in
427 2601 555 2681 pecunia
576 2598 698 2661 credita.
719 2602 837 2663 Emest.

263 2704 280 2762 3
304 2704 483 2780 Pecuniam,
505 2728 599 2789 quam
621 2706 728 2780 debet,
754 2731 832 2790 quae
857 2709 928 2768 tates
952 2711 985 2768 in
1006 2708 1107 2770 verbo
1127 2709 1259 2790 beneficia.

299 2811 380 2871 Vide
411 2813 498 2873 iussa.
529 2815 646 2876 Emesa
685 2817 756 2876 Mox
786 2820 929 2899 impetam
960 2828 1006 2877 est
1037 2818 1151 2879 eodem
1184 2813 1259 2876 modo

298 2916 435 2990 dictum,
466 2941 528 3001 quo
550 2943 568 2980 a
590 2920 692 2982 Caelio
714 2925 745 2981 in
765 2945 812 3005 ep.
835 2924 946 2995 ccxi,
967 2925 1006 2997 3,
1026 2936 1059 2984 et
1081 2946 1099 2986 a
1124 2926 1186 2986 cia
1207 2927 1259 3004 ipso

300 3022 390 3083 Tuse.
414 3024 458 3096 11,
484 3046 535 3086 αις
560 3010 661 3108 Quam
682 3032 886 3113 praecipitur,
919 3043 951 3090 ut
975 3031 1193 3115 nobismetipsis
1217 3033 1258 3091 in-

296 3149 448 3208 penmnus,
468 3133 523 3192 boc
540 3136 734 3216 praecipitur,
755 3151 788 3199 ut
808 3139 883 3198 mtio
903 3144 1039 3199 coerceat
1060 3139 1251 3222 cupiditatem.

259 3233 280 3309 4
301 3233 361 3295 Zel.
382 3236 406 3294 B
424 3251 494 3320 post
513 3259 579 3300 vero
601 3262 707 3324 quana
1064 3238 1069 3246 ’

259 3339 279 3400 5
299 3341 491 3424 Legendum,
511 3358 546 3408 ut
559 3347 636 3409 bene
650 3361 838 3412 monuemnt
850 3351 916 3423 alii,
936 3351 1103 3432 eotkgam3
1126 3355 1257 3413 nimirum

300 3449 335 3509 L.
355 3449 516 3526 Pisonem,
539 3459 592 3536 qui
619 3458 652 3516 in
672 3478 800 3518 censura
828 3468 893 3518 erat
909 3457 1029 3539 collega
1051 3461 1157 3542 Appii.
1183 3459 1258 3519 Hunc

299 3557 354 3617 iste
375 3562 517 3633 tentavit,
549 3573 584 3621 ut
611 3574 640 3625 et
672 3567 736 3646 ipse
763 3575 884 3626 notaret
898 3564 1052 3626 Caelium.
1085 3568 1164 3627 Nam
1184 3567 1258 3627 unius

300 3667 431 3725 censoris
452 3660 626 3741 notmbine
647 3672 770 3734 alterius
792 3672 924 3754 collegae
939 3693 1080 3746 assensu,
1101 3673 1258 3734 habebatur

300 3771 393 3830 inrita.
416 3775 513 3857 inepti
535 3789 625 3849 sunt,
652 3783 705 3862 qui
732 3781 770 3842 de
791 3780 920 3864 collegio
940 3783 1105 3862 Augurum
1127 3781 1201 3842 haec
1220 3787 1257 3836 in·

302 3876 447 3959 telligunt
472 3884 623 3946 Graevius.
