2626 4854
537 357 573 402 ru
602 354 791 405 assarones
1095 337 1168 438 309

156 459 175 518 3
198 457 254 517 Ms.
276 455 361 517 Gorl.
383 455 466 537 apud
487 455 678 531 Ernestium,
692 469 723 518 ct
736 467 869 538 quatuor
883 461 977 520 nostri
990 460 1080 541 quod.
1095 465 1168 525 Mox

196 564 376 634 comitiales,
404 561 546 635 audies,
571 563 683 644 quibus
703 584 794 645 agere
818 585 889 625 cum
909 567 1026 650 populo
1048 566 1167 632 licebat.

188 671 420 751 'Eripiebantum
441 671 599 752 auspiciis,
613 669 661 733 vel
674 669 964 733 obnuntiationibus.
986 674 1069 734 Dum
1084 677 1168 739 euim
1224 678 1227 688 “

198 775 378 839 servabatur
392 776 431 837 dc
451 776 554 848 caclo,
567 776 616 838 vel
630 777 753 859 quando
768 777 878 859 aliquis
891 781 1085 861 magistratus
1099 782 1168 844 dira
1212 765 1215 769 ⁴

198 882 414 956 obnuntiabat,
441 881 548 945 baberi
574 885 712 958 comitia,
739 905 775 945 ac
800 883 929 968 proinde
949 887 998 968 agi
1020 909 1089 948 cum
1112 909 1168 971 po-

196 991 271 1075 pulo
291 1011 353 1052 non
374 990 490 1052 licebat.
512 992 584 1069 Quo
611 991 690 1052 facto
706 991 826 1065 Curio,
847 994 901 1075 qui
922 991 982 1054 hoc
1009 1014 1089 1056 auno
1110 998 1167 1055 tri-

196 1098 297 1158 bunus
317 1095 415 1180 plebis
434 1107 516 1170 erat,
535 1109 606 1158 cum
626 1096 744 1181 populo
765 1117 856 1179 agere
876 1119 934 1182 pro
964 1097 1092 1164 Caesare
1111 1123 1167 1163 ne-

197 1203 320 1287 quibat,
339 1203 530 1269 servantibus
551 1202 588 1265 de
609 1203 693 1267 caclo
714 1204 898 1267 consulibus.

153 1313 176 1390 4
196 1311 333 1394 Negabat
349 1312 398 1373 vel
419 1304 529 1393 ut*par
550 1313 616 1393 pari
638 1311 779 1385 referret,
799 1313 848 1376 vel
870 1314 958 1395 quia,
978 1335 1075 1397 quum
1091 1335 1166 1398 sup-

195 1419 394 1501 plicationum
422 1417 528 1478 diebus
549 1439 568 1478 a
587 1420 715 1500 negotiis
740 1417 925 1492 abstinerent
952 1423 1077 1482 omnino
1101 1422 1165 1483 Ro-

196 1527 297 1597 mani,
316 1524 411 1586 Curio
430 1523 545 1586 diutius
564 1526 748 1606 requisisset
769 1545 839 1586 cum
860 1526 977 1608 populo
998 1547 1097 1608 agere.

152 1631 175 1692 5
196 1631 320 1693 Paullus
342 1630 446 1693 consul
468 1631 604 1714 quotidie
617 1631 655 1693 de
670 1631 754 1693 caelo
768 1631 917 1694 servando
931 1632 1085 1695 adimebat
1100 1634 1165 1696 Cu-

195 1740 273 1799 rioni
295 1737 440 1821 quicquid
461 1737 535 1804 boni
556 1737 681 1801 tribuno
701 1737 799 1820 plebis
813 1722 935 1802 evenire
948 1751 1086 1822 poterat,
1105 1739 1166 1802 hoc

194 1858 256 1918 est,
275 1845 448 1906 facultatem
470 1866 540 1905 cum
560 1844 677 1928 populo
699 1844 821 1926 agendi,
837 1845 995 1921 §nutem
1008 1858 1048 1918 et
1068 1847 1164 1908 Curio

194 1952 431 2035 supplicationes
445 1950 567 2014 decerni
587 1973 693 2035 pessus
714 1963 805 2026 esset,
825 1953 999 2015 factdtatem
1020 1954 1102 2015 illam
1117 1955 1165 2014 vi-

195 2081 245 2120 sus
266 2071 343 2120 esset
363 2060 496 2121 amIsisse
516 2080 578 2121 non
592 2059 697 2120 surore
709 2058 822 2134 Paulli,
846 2059 899 2121 sed
912 2059 1003 2141 culpa
1017 2081 1086 2132 sua,
1105 2058 1165 2121 boc

193 2178 239 2228 est
259 2166 401 2226 facilitate
415 2166 585 2247 etmollitie
599 2168 630 2226 in
645 2165 790 2228 cedendo.
813 2166 864 2228 Sic
876 2167 973 2229 Palat.
990 2188 1015 2240 1,
1027 2167 1134 2228 Dresd.
1146 2188 1164 2227 2

193 2285 225 2336 et
238 2273 326 2334 Amb.
341 2293 358 2334 a
373 2293 445 2334 cum
458 2271 609 2335 Lambino
631 2284 661 2335 et
681 2272 836 2337 Schtitaio.
857 2273 961 2357 Vulgo
974 2296 1012 2336 ne
1024 2272 1166 2357 quodfit-

191 2401 258 2442 rore
279 2381 381 2442 Paulli
398 2379 525 2462 adeptus
538 2394 612 2441 esset
625 2382 710 2453 boni3
730 2381 798 2442 edd.
818 2392 890 2442 vett.
910 2403 947 2442 ne
968 2380 1087 2464 siquid
1106 2393 1165 2443 etc.
1241 2445 1253 2453 ,,

192 2490 224 2549 in
246 2508 307 2572 quo
327 2452 454 2570 &eptas
473 2509 529 2549 nec
550 2488 625 2570 quid
651 2488 813 2570 significet,
836 2488 996 2552 commode
1022 2488 1166 2572 explicari

190 2606 308 2679 potest,
322 2616 377 2657 nec
390 2598 432 2656 ita
444 2594 523 2657 bene
537 2600 705 2679 opponitur
718 2595 916 2677 sequentibus
930 2608 986 2669 τοῖς
1005 2616 1060 2656 sua
1074 2596 1166 2676 culpa

155 2758 158 2763 ,
189 2702 329 2765 aurbum.
359 2701 527 2764 Lambinus
554 2705 646 2764 ctiam
676 2701 849 2784 corrigebat
880 2696 917 2763 nc
944 2702 1028 2785 quod
1055 2701 1166 2784 serrone

191 2809 294 2870 Paulli
311 2808 438 2893 adeptus
456 2821 530 2870 esset
551 2820 605 2871 etc.
633 2809 716 2870 Tum
736 2808 769 2870 id
795 2829 851 2869 sua
877 2808 967 2890 culpa
988 2820 1044 2870 etc.
1071 2807 1166 2869 habet

154 2950 158 2959 ,
192 2914 282 2976 Amb.
308 2914 358 2990 15,
378 2918 435 2977 nisi
462 2916 546 2999 quod
571 2914 603 2978 id
629 2917 867 3000 praeposuisse
893 2917 971 2978 boni.
993 2916 1163 2998 Vulgatum
1224 2951 1226 2955 ν

193 3026 248 3084 etsi
274 3023 306 3085 in
332 3022 485 3106 aliquibus
505 3045 575 3086 mss.
596 3027 764 3108 reperitur,
784 3035 888 3087 tamen
908 3024 1028 3085 nullum
1056 3036 1165 3108 aptum

154 3179 158 3185 .
193 3151 314 3192 sensum
333 3130 413 3192 facit
443 3108 475 3175 0

151 3238 173 3300 6
193 3238 526 3306 Praevaricatoremse
545 3240 640 3302 Curio
667 3245 871 3313 existimatum
898 3243 934 3302 iri
962 3239 1036 3301 dicit
1057 3259 1164 3300 causae

191 3345 347 3428 publicae,
367 3348 392 3409 si
412 3346 489 3408 nihil
510 3360 618 3409 contra
638 3349 798 3411 Caesarem
820 3371 891 3410 cum
910 3348 1033 3433 populo
1041 3349 1165 3428 egisset3

152 3509 156 3518 .
190 3464 224 3514 at
244 3451 345 3514 verbis
364 3454 471 3515 fucum
483 3454 626 3516 faciebat:
648 3456 687 3517 ad
708 3457 870 3518 Caesarem
885 3458 967 3518 enim
986 3457 1047 3515 iam
1061 3455 1164 3515 animo

191 3563 368 3637 transierat3
388 3583 435 3646 ep.
456 3562 612 3634 CCXLII,
633 3563 661 3624 3.

149 3690 167 3748 7
189 3667 250 3728 Nos
271 3669 361 3729 amici
382 3671 426 3729 tui
448 3668 510 3730 scil.
532 3690 601 3729 cum
624 3668 769 3732 Curione.
1047 3732 1051 3741 ,
1118 3707 1121 3710 ·

148 3773 171 3834 8
191 3775 262 3839 Mes.
282 3775 348 3836 Pal.
375 3795 405 3849 1,
425 3775 514 3839 Peck.
535 3779 629 3838 Amet
650 3789 682 3839 et
702 3753 814 3841 Ambb.
841 3777 903 3839 duo
929 3787 959 3836 et
983 3720 1165 3861 eonfhneooit

190 3884 328 3946 eonsules
354 3883 397 3949 lu‘s
412 3904 528 3946 -non
556 3905 676 3962 usuros3
706 3885 794 3950 amb.
826 3887 844 3948 3
872 3906 931 3948 noo
958 3898 1163 3953 cessurusne.
