2626 4854
160 352 227 447 148
266 339 269 345 ’
475 363 647 418 massona
672 362 832 412 cccxxvr.
938 355 970 404 a.
988 359 1024 405 v.
1042 357 1072 404 c
1089 353 1135 417 ⁷⁰³

153 454 293 550 mecum
318 485 437 572 egerat
461 471 491 570 ³,
516 483 632 543 certos
657 466 820 539 homines
846 460 894 534 ad
917 459 1085 533 mulieres
1101 453 1160 530 mi·

154 628 283 701 seram,
316 600 376 702 qni
401 599 552 671 Romam
577 604 768 692 venerunt,
800 588 902 663 factis
927 583 1160 687 sponsalibus.

154 729 226 803 Sed
249 728 319 800 hoc
344 750 448 827 spero
472 722 606 795 melius.
627 718 791 794 Mulieres
817 713 962 818 quidem
986 711 1094 787 valde
1110 710 1161 782 in·

25 841 38 849 ’
154 853 275 954 telligo
301 851 468 926 delectari
491 847 661 950 obsequio
678 861 715 919 et
732 843 900 920 comitate
917 837 1160 915 adolescentis.

154 983 279 1056 Cetera
304 979 378 1053 noli
403 979 611 1080 ἐξακανθίζειν
635 972 661 1046 l.

208 1135 230 1180 2
248 1105 319 1179 Sed
336 1105 423 1178 heus
438 1118 495 1204 tu,
518 1105 629 1200 πυροὺς
647 1107 688 1181 εἰς
705 1101 804 1193 δῆμον
819 1093 1024 1172 ⁵‘Athenisl
1041 1091 1161 1167 Placet

154 1193 342 1308 11⁰0,in
367 1233 432 1306 etsi
457 1256 530 1338 non
555 1225 798 1330 impediebant
821 1225 891 1299 mei
916 1235 1013 1297 certe
1036 1219 1159 1294 tibris

154 1385 229 1434 non
255 1362 348 1433 enim
372 1361 439 1432 ista
464 1357 602 1457 largitio
627 1356 693 1428 lirit
717 1356 755 1429 in
772 1353 884 1450 cives,
908 1348 1029 1424 sedin
1046 1346 1160 1451 hospi-

153 1499 207 1559 tes
225 1505 239 1552 ⁷
264 1484 462 1559 liberalitas.
482 1484 542 1558 Me
559 1497 678 1556 tamen
696 1480 741 1553 de
757 1477 970 1554 Academiae
987 1472 1158 1572 προπυΊῳῦ

152 1611 252 1686 iube's
278 1613 451 1711 cogitare,
475 1636 582 1713 quum
599 1610 670 1681 iam
687 1606 824 1708 Appius
842 1604 887 1678 de
902 1602 1074 1677 Eleusine
1091 1624 1159 1673 non

154 1740 284 1839 cogitet
304 1756 329 1811 9.
347 1764 353 1773 ¹
701 1740 705 1748 '

205 1867 227 1939 3
252 1867 306 1939 De
332 1865 525 1940 Hortensio
548 1879 578 1914 ¹⁰
605 1876 641 1936 te
667 1876 765 1934 certo
790 1861 865 1934 scio
891 1857 1020 1932 dolere.
1051 1855 1157 1957 Equi-

155 1991 236 2065 dem
261 1993 451 2067 excmcior.
477 1994 665 2065 Decreram
686 2005 715 2040 ¹¹
742 1989 837 2062 enim
870 2012 952 2060 cum
988 2009 1033 2057 eo
1059 1981 1158 2056 valde

152 2118 368 2191 familiariter
392 2118 521 2194 vivere.

204 2245 229 2337 4
253 2243 328 2317 Nos
353 2244 559 2344 provinciae
582 2241 813 2345 praefecimus
829 2240 989 2317 Caelium
1007 2255 1049 2313 ¹².
1069 2241 1158 2314 Pue-

154 2393 255 2467 mm‚
278 2370 433 2471 inquies,
457 2383 495 2443 et
518 2369 665 2444 fortasse
682 2369 835 2471 fatuum,
858 2382 897 2444 et
911 2394 986 2443 non
1003 2394 1159 2469 gravem,

153 2507 190 2566 et
213 2520 287 2570 non
312 2498 561 2570 continentem.
586 2498 792 2573 Assentior:
824 2498 900 2572 fieri
934 2522 1010 2570 non
1042 2496 1160 2597 potuit

15 2695 20 2705 ,
153 2619 262 2695 aliter.
289 2621 382 2698 Nam
407 2651 494 2726 quas
519 2623 633 2698 multo
659 2638 742 2699 ante
767 2638 846 2698 tuas
863 2649 1072 2725 acceperam
1087 2623 1160 2696 lite·

152 2772 226 2847 ras,
249 2749 288 2820 in
306 2749 434 2851 quibus
452 2753 569 2844 ἐπέχειν
585 2764 621 2824 te
639 2751 845 2851 scripseras,
862 2751 948 2852 (prid
965 2763 1060 2824 esset
1076 2748 1159 2823 mihi

152 2871 353 2948 faciendum
374 2876 419 2949 de
435 2877 685 2977 relinquendo,
710 2903 772 2951 eae
789 2905 846 2951 me
861 2877 1080 2981 pungebant.
1096 2877 1159 2950 Vi-

154 2995 282 3072 debam
307 3002 420 3101 enim,
452 3029 541 3103 quae
572 3004 637 3077 tibi
663 3019 782 3078 essent
806 3010 917 3098 ἐποχῆς
942 3027 1093 3101 causae,
1124 3017 1161 3076 et

153 3137 254 3196 erant
278 3127 422 3200 eaedem
446 3128 549 3201 mihi:
580 3157 693 3230 puero
725 3132 865 3207 tradere
888 3158 946 3205 me
974 3131 1031 3205 ¹³?
1064 3131 1160 3205 fratri

154 3250 294 3323 auteml
317 3251 405 3327 illud
429 3280 504 3328 non
521 3255 607 3329 utile
623 3257 736 3331 nobis.
754 3259 844 3333 Nam
861 3271 1001 3360 praeter
1017 3257 1161 3332 fratrem

151 3399 258 3450 nemo
284 3393 381 3478 erat,
407 3407 512 3485 quem
537 3384 613 3456 sine
639 3384 852 3458 contumelia
878 3386 1076 3487 quaestori,
1099 3409 1160 3458 no·

150 3499 214 3575 bili
239 3508 462 3607 praesertim,
487 3509 694 3584 anteferrem
725 3509 765 3584 ¹4.
799 3512 956 3612 Tamen,
982 3510 1072 3585 dum
1096 3513 1160 3584 im-

150 3629 306 3729 pendere
318 3634 441 3707 Parthi
459 3635 685 3737 videbantur,
701 3652 892 3713 statueram
903 3639 1050 3713 fratrem
1060 3637 1160 3714 relin

152 3780 274 3856 quere,
299 3761 484 3834 autetiam
501 3765 552 3836 rei
569 3765 733 3864 publicae
751 3793 855 3840 causa
873 3779 999 3840 contra
1017 3780 1158 3841 senatus

153 3884 352 3962 consultum
377 3890 454 3989 ipse
480 3916 678 3999 remaneres
709 3894 769 3997 qui
794 3907 938 3995 postea,
971 3920 1082 3996 quam
1107 3894 1159 3967 iu-
