2626 4854
530 346 566 390 ns
594 343 782 391 aristonis
913 350 916 359 “
1070 324 1155 402 '311'

192 461 256 520 tur,
275 445 321 506 ed.
344 447 399 505 Ro.
421 446 474 526 qui
493 446 580 504 atram
602 445 619 503 l.
629 489 638 518 ,
658 444 767 504 Lamb.
787 448 840 527 qui
857 446 895 506 de
917 459 943 507 te
966 460 1025 509 tam
1045 453 1162 515 lionori-

178 556 247 638 fice
266 553 300 625 l,
322 554 431 614 Graev.
446 573 463 612 e
477 558 532 612 sno
545 572 598 611 ms.
613 554 665 634 qai
678 549 716 611 dc
731 563 758 610 te
781 553 815 626 l,
834 553 909 639 Em.
923 576 952 638 q.
971 556 1058 618 et'dc
1080 571 1114 617 ιε·
1128 561 1163 634 ἱ.,
1205 598 1206 605 ,

191 663 306 723 Schtitz
324 663 377 744 qui
394 663 449 721 etsi
467 658 504 718 dc
526 671 552 719 te
573 660 592 719 l.
615 659 698 719 lnfra
718 659 812 741 vulgo
833 661 907 722 olim
923 660 1100 727 decreverat.
1114 666 1162 727 De

191 794 225 832 re
246 770 314 830 vide
336 789 405 851 epp.
426 789 492 849 sup.
514 777 543 828 et
564 766 791 828 chxxvl11·.

153 879 193 956 ¹4
214 877 387 937 Ernestium
408 887 438 935 et
459 875 625 935 Graevium
647 876 741 935 secuti
763 896 877 937 sumus.
899 876 994 938 Codd
1009 881 1078 940 msti
1095 891 1162 943 tan-

193 1000 255 1045 tum
267 1007 293 1044 v.
306 1004 333 1044 o.
341 1028 352 1057 ,
373 983 419 1043 vel
440 1004 474 1042 ex
497 982 677 1064 compendio
694 994 749 1054 tm,
764 983 847 1064 quod
860 1003 918 1067 pro
931 986 1036 1046 saltcin
1046 986 1163 1047 dicum

192 1091 286 1173 aliqui
300 1092 461 1171 accipiunt.
484 1090 571 1166 Quae
586 1100 755 1169 sequuntur
768 1111 831 1150 non
845 1093 915 1152 satis
935 1092 1088 1174 intelligo,
1105 1097 1163 1154 nisi

191 1204 215 1258 si
236 1196 287 1257 hic
307 1199 345 1257 sit
366 1217 481 1257 sensns:
503 1216 561 1277 pro
583 1198 735 1258 sententia
754 1217 809 1257 sua
830 1196 944 1259 tuenda
962 1220 1026 1260 non
1046 1221 1163 1282 pugna·

192 1313 272 1363 runt.
303 1301 381 1361 Edd.
403 1302 530 1362 lenset
551 1302 659 1363 Minut.
687 1304 729 1363 sic
756 1302 948 1386 distinguunt
974 1305 1163 1368 ostenderant

187 1429 246 1491 pro
266 1395 537 1490 sententiasqaam
558 1410 576 1469 i.
596 1430 627 1489 p.
650 1429 709 1470 non
725 1423 906 1490 pragnarant.

152 1516 191 1577 15
212 1515 260 1577 Ab
280 1518 491 1577 intercessione
511 1514 672 1588 abstinuit,
693 1527 724 1577 et
744 1515 800 1578 tibi
821 1517 941 1578 decerni
963 1519 1161 1602 supplicatio-

192 1644 245 1683 nes
265 1644 371 1705 passns
392 1634 445 1684 est.
963 1702 966 1717 V

155 1728 192 1791 16
214 1730 260 1791 Ad
281 1729 427 1811 suffragia
447 1731 586 1791 Ciceroni
608 1729 766 1814 captanda.
784 1730 876 1792 Amb.
894 1731 930 1794 15
950 1752 1020 1795 cum
1037 1731 1084 1793 ed.
1104 1733 1161 1795 Ro.

191 1839 374 1898 circuierant.

154 1967 189 2026 ¹7
212 1943 344 2004 Cornelii
365 1943 452 2005 Balbi
471 1944 550 2006 lulio
565 1945 685 2006 Caesari
699 1944 934 2007 familiarissimi.
955 1944 1003 2006 Ab
1018 1945 1115 2008 ambs
1126 1949 1161 2008 13

191 2039 278 2111 abest
302 2050 445 2123 Cornelii,
465 2051 549 2133 quod
568 2073 631 2113 non
644 2072 769 2135 sperno3
784 2064 829 2115 est
842 2056 927 2114 enim
936 2053 1095 2116 collocatio
1110 2075 1162 2116 oo-

191 2160 341 2238 gnominis
373 2159 465 2219 Balbi
495 2170 564 2220 ante
594 2181 707 2221 nomen
736 2159 865 2222 Cornelii
890 2160 1001 2223 modus
1028 2181 1091 2222 non
1119 2163 1162 2223 ita

191 2266 343 2348 frequens.
867 2269 869 2273 ⁴
895 2268 898 2274 ’
988 2266 990 2273 ’

154 2372 191 2433 18
211 2374 307 2450 Quasi
336 2372 424 2433 fictus
451 2384 528 2434 esset
554 2374 669 2436 reditus
701 2377 732 2435 in
764 2379 893 2456 gratiam
921 2396 992 2438 cnm
1024 2376 1161 2438 Caesare.
1258 2455 1261 2466 Ι

193 2481 345 2541 Graevins.
1051 2482 1055 2490 ’

154 2609 191 2670 ¹9
211 2586 367 2670 Scipiones
387 2599 418 2648 et
437 2589 565 2649 Domitii
595 2588 794 2650 decreverant
814 2588 938 2670 quidem
966 2589 1163 2672 supplicatio·-

190 2715 261 2768 nes,
282 2706 388 2756 contra
407 2707 509 2757 tamen
530 2698 623 2757 animi
645 2698 838 2757 sententiam:
860 2698 977 2778 quippe
1001 2716 1067 2756 rem
1087 2713 1162 2755 con-

189 2803 241 2863 fici
261 2800 424 2875 nolebant,
444 2815 474 2864 et
493 2823 556 2863 non
577 2803 731 2864 Ciceronis
758 2824 849 2864 causa
874 2803 1087 2874 decreverant,
1108 2800 1163 2862 sed

189 2921 226 2970 ut
245 2909 382 2970 fraudem
404 2911 538 2971 facerent
559 2910 694 2971 Curioni.
715 2911 750 2971 ld
771 2910 915 2972 viderunt
935 2912 996 2972 iam
1011 2909 1163 2969 Graevius

189 3029 221 3077 et
241 3014 381 3078 Rutilius.
402 3019 501 3078 Nostri
523 3014 638 3078 habent
658 3018 707 3080 vel
728 3012 868 3093 deerant,
887 3017 936 3079 vel
950 3016 1088 3077 deserant
1098 3017 1164 3099 qui·-

188 3123 331 3208 deniqui
349 3126 461 3207 inique,
482 3126 587 3187 Vrsini
608 3120 686 3187 liber
706 3137 822 3188 mstus:
843 3127 905 3189 Neo
925 3124 1048 3184 deerant
1060 3123 1115 3206 qai
1131 3102 1164 3183 ill
1258 3180 1260 3185 ⁴

189 3252 359 3316 numquam.
380 3232 444 3291 lem
465 3230 623 3293 decrerunt
640 3233 724 3294 dedit
742 3254 777 3294 ex
791 3236 913 3316 ingenio
928 3229 1085 3293 Manutius
1101 3248 1160 3312 pro

187 3338 328 3414 deerant,
348 3349 378 3400 et
399 3358 492 3422 neque
507 3338 662 3402 Victorias
676 3360 734 3424 pro
748 3338 951 3424 inauejTum
966 3336 1088 3423 quidam
1102 3335 1161 3418 pro

187 3445 310 3529 qrcz'atem
328 3445 452 3507 volebat
471 3445 641 3508 Ernestius.
740 3437 742 3445 l

146 3575 187 3616 ao
208 3553 398 3615 Eiiciendam
418 3575 437 3614 a
457 3553 591 3615 Curione
610 3557 698 3615 irato.
720 3555 800 3618 Vide
820 3566 906 3617 notas
918 3561 1038 3619 nostrai
1052 3549 1091 3609 ad
1106 3547 1161 3609 Se·

187 3683 253 3722 nec.
268 3683 316 3745 ep.
331 3663 457 3724 XLVII.
479 3661 504 3722 I.
520 3661 558 3722 F.
574 3664 749 3725 Gronovius.
761 3660 888 3725 ‘Amstel
902 3673 932 3723 et
946 3657 1061 3722 Manut.
1076 3653 1161 3725 edd,

189 3780 266 3830 teste
286 3764 434 3844 Graevio,
452 3769 652 3843 evocandam,
670 3771 754 3854 quod
768 3774 832 3855 ipse
843 3773 944 3854 primo
958 3766 1094 3836 admisit,
1108 3761 1162 3823 sed

189 3878 221 3934 in
244 3875 388 3937 addendis
410 3881 592 3941 retractavit.
620 3879 691 3939 Mox
717 3877 984 3962 interpellantibus,
1005 3872 1066 3934 scil.
1088 3868 1160 3932 soli-

189 3981 363 4044 citantibus.
