2626 4854
159 336 230 386 200
466 333 636 383 lPlSTOLA
663 332 841 382 cctmtx.
941 329 976 379 Α.
990 333 1072 380 VJGl
1089 332 1132 394 703

307 565 360 618 Ser.
379 563 495 615 errcudr
514 564 544 615 d.
563 561 596 616 V.
615 562 642 615 C.
662 561 789 628 occul,
808 558 859 613 Vll
880 560 918 611 ld.
936 560 1003 613 Nov.

249 788 418 850 rvunvs
443 789 494 850 ur
521 787 664 851 crunno
689 787 741 850 ar
766 788 804 865 Q.
829 787 866 864 Q.
893 795 902 826 ¹
929 784 1071 848 rnorn

369 890 655 969 nvrnnrssfur
681 905 770 968 ora.
796 905 825 966 s,
850 903 883 965 r.
908 903 946 965 n.
1073 993 1076 999 ³

205 1120 320 1219 Vide,
352 1135 482 1222 quanta
513 1118 559 1192 sit
590 1119 627 1192 in
660 1133 695 1192 te
729 1120 890 1194 suavitas.
922 1119 1021 1191 Duas
1055 1116 1156 1189 horas

156 1244 289 1345 Tlryrei
314 1263 328 1294 ²
354 1246 489 1318 suimus.
516 1247 741 1318 Xenomenes
766 1245 929 1345 lrospes³
953 1259 1028 1317 tam
1046 1258 1082 1316 te
1108 1243 1155 1315 di-

154 1372 250 1471 tigit,
276 1373 435 1473 quamsi
461 1373 586 1446 vixerit
612 1386 736 1443 tecum.
768 1370 805 1444 Is
835 1372 951 1443 omnia
979 1368 1154 1470 pollicitus

155 1514 224 1597 est,
251 1525 339 1600 quae
364 1495 428 1571 tibi
454 1513 569 1572 essent
594 1523 693 1597 opus.
720 1495 913 1571 Facturum
939 1510 1039 1596 puto.
1073 1495 1153 1568 Mihi

154 1624 334 1725 placebat,
359 1627 387 1698 si
413 1627 545 1698 firmior
571 1651 680 1722 esses,
706 1639 746 1697 ut
762 1639 798 1696 te
813 1624 1014 1697 Leucadem
1035 1622 1154 1723 depor-

155 1764 246 1823 taret
263 1751 296 1846 4,
322 1767 362 1824 nt
386 1751 436 1823 ibi
454 1767 489 1824 te
506 1751 611 1851 plane
629 1753 862 1825 confirmares.
880 1750 1047 1849 Videbis,
1075 1749 1151 1850 quid

154 1879 279 1977 Curio7
306 1878 391 1979 quid
415 1881 566 1978 Lysoni,
592 1878 677 1980 quid
701 1879 840 1951 medico
873 1877 1022 1976 placeat.
1051 1875 1152 1948 Vole-

151 2001 234 2078 bam
261 2005 305 2076 ad
325 2019 360 2081 te
377 2007 572 2078 Marionem
589 2006 785 2105 remittere,
809 2028 937 2106 quem,
961 2029 1072 2105 quum
1088 2027 1151 2074 me·

27 2176 31 2185 ,
152 2127 296 2201 linscule
323 2130 389 2202 tibi
414 2145 520 2230 esset,
547 2130 592 2203 ad
618 2158 675 2203 me
700 2131 878 2230 mitteres3
901 2129 965 2202 sed
991 2127 1151 2226 cogitavi,

151 2279 239 2326 unas
264 2254 381 2329 literas
407 2257 604 2329 Marionem
637 2257 759 2330 afferre
791 2240 914 2357 posse,
950 2281 1007 2344 me
1041 2266 1152 2328 autem

119 2370 122 2375 ’
152 2378 291 2452 crebras
317 2396 526 2480 exspectare.
545 2385 681 2456 Poteris
700 2384 822 2482 igitur,
848 2397 885 2455 et
901 2381 1026 2481 facies,
1052 2383 1082 2454 si
1100 2406 1150 2452 me

152 2503 284 2605 diligis,
308 2521 348 2577 ut
375 2509 531 2609 quotidie
558 2511 603 2581 sit
627 2512 776 2583 Acastus
803 2512 818 2558 ⁵
844 2511 881 2581 in
907 2523 1022 2608 portu.
1055 2507 1151 2580 Multi

20 2681 26 2692 ι
150 2647 270 2730 erunt,
295 2634 420 2735 quibus
445 2651 541 2708 recte
565 2635 682 2709 literas
702 2636 786 2709 dare
803 2637 934 2735 possis,
959 2636 1020 2736 qui
1038 2636 1152 2707 adme

149 2759 299 2835 libenter
323 2763 508 2862 perferant.
533 2764 709 2864 Equidem
734 2766 858 2836 Patras
884 2767 900 2814 ⁶
926 2777 1069 2835 euntem
1094 2787 1151 2834 ne-

149 2888 281 2957 minem
306 2892 592 2986 praetermittam.
626 2893 703 2987 Ego
731 2917 872 2962 omnem
897 2915 998 2989 spem
1024 2889 1076 2960 tui
1103 2887 1150 2958 di-

149 3009 296 3107 ligenter
323 3016 466 3086 curandi
493 3018 528 3086 in
555 3019 660 3090 Curio
687 3017 810 3089 habeo.
838 3015 932 3088 tt'ihil
958 3030 1077 3114 potest
1094 3012 1149 3086 illo

150 3137 224 3208 fieri
250 3137 451 3237 humanius,
477 3142 564 3214 nihil
589 3145 701 3215 nostri
720 3144 900 3214 amantius.
920 3144 966 3213 Ei
987 3157 1022 3214 te
1042 3156 1149 3214 totum

149 3261 258 3334 trade.
276 3264 371 3337 Malo
397 3281 432 3338 te
457 3269 576 3367 paullo
594 3284 676 3368 post
693 3270 885 3366 valentem,
911 3295 1018 3369 quam
1036 3269 1149 3341 statim

148 3387 360 3462 imbecillum
386 3393 514 3467 videre.
541 3397 632 3468 Cura
658 3397 763 3492 igitur
787 3395 874 3467 nihil
892 3394 1004 3492 aliud,
1030 3395 1096 3466 nisi
1112 3406 1148 3463 nt

149 3528 186 3585 tu
214 3517 329 3589 valeas
349 3539 376 3616 ⁷5
405 3536 517 3593 cetera
545 3548 610 3618 ego
629 3523 768 3594 curabo.
786 3524 905 3594 Etiam
923 3536 1029 3622 atque
1048 3522 1148 3592 etiam

149 3639 236 3713 vale.
264 3645 427 3718 Leucade
455 3650 701 3745 proficiscens7
725 3651 795 3721 Vll
821 3648 905 3722 Idus
929 3647 1102 3723 Novemb.
