2626 4854
177 359 246 437 116
484 373 654 431 maerore
679 374 847 429 ccuxvrn.
948 369 980 423 Α.
998 372 1033 421 v.
1052 372 1083 418 c.
1102 384 1133 439 7⁰

559 602 784 681 CCLXVIIL
922 640 975 697 <aa
991 641 1042 687 su.
1059 640 1135 701 ver

170 790 389 868 Argumentum.
414 805 425 845 1
449 785 496 844 De
516 782 693 843 difficultale
712 763 899 862 provinciam
922 779 1065 853 extremis
1092 799 1135 841 ms

210 894 292 955 sibus
318 890 564 967 administrandi3
587 910 604 949 2
625 889 663 949 de
689 890 780 948 variis
806 884 898 947 rebus
924 885 1117 957 domesticis,

209 1002 316 1082 primis
335 999 373 1059 de
394 998 516 1059 calculis
535 1019 554 1057 a
567 996 733 1063 Philotimo
754 996 786 1057 iu
807 994 1000 1074 coemptione
1020 990 1135 1053 mucro

209 1107 332 1169 Milonis
353 1104 489 1166 turbatis.

304 1286 356 1345 Ser„
374 1285 447 1345 Tarsi
464 1285 494 1337 A.
512 1284 546 1338 V.
564 1283 594 1337 C.
613 1281 736 1346 DCClll,
757 1290 815 1351 post
833 1281 901 1335 Nou.
920 1280 1015 1339 lunias.

483 1499 628 1571 CICERO
653 1496 803 1569 ATTICO
829 1500 859 1567 δ’.

222 1773 236 1819 1
266 1745 416 1820 Tarsum
440 1743 625 1819 venimus¹
643 1742 755 1817 Nonis
772 1743 891 1818 Iuniis.
909 1741 964 1815 lbi
982 1768 1042 1815 me
1060 1740 1134 1817 mul

46 1928 51 1937 -
167 1885 370 1949 moverunt:
396 1897 563 1969 magnum
587 1871 624 1969 ip
651 1869 753 1968 Syria
785 1868 916 1941 bellum
930 1885 964 1968 ²3
981 1894 1135 1967 magna*

166 1996 290 2070 Cilicia
314 1997 512 2095 latrocinia3
537 1995 624 2067 mihi
648 1994 798 2068 difficilis
815 1996 906 2068 ratio
924 1994 1135 2067 administra*¹

158 2122 205 2195 di
217 2178 229 2222 7
260 2123 356 2223 quod
393 2149 526 2223 paucos
564 2122 638 2197 dies
671 2121 846 2195 habebam
873 2121 1032 2223 reliquos
1066 2146 1135 2193 ann

165 2250 320 2321 muneris
338 2250 367 2348 ³3
391 2248 479 2323 illud
505 2262 622 2320 autem
648 2247 902 2321 difficillimum:
919 2246 1135 2349 relinquend

166 2387 242 2446 erat
267 2400 310 2448 ex
335 2390 476 2452 senatus
495 2375 673 2474 consullo,
698 2376 758 2477 qui
783 2388 968 2477 praeesset.
996 2374 1098 2448 Nihil
1113 2400 1135 2445 n

164 2525 232 2579 nus
264 2501 407 2602 probari
438 2515 597 2602 poterat,
630 2528 736 2605 quam
768 2516 931 2604 quaestor
969 2501 1135 2575 Mescinir

164 2625 255 2701 Nam
283 2628 327 2705 de
353 2628 506 2705 Caeliol
531 2628 619 2703 nihil
653 2627 890 2703 audiebamus.
922 2628 1135 2705 Rectissimu

163 2754 370 2853 videbatur,
395 2756 538 2834 fratrem
572 2782 653 2833 eum
685 2743 835 2856 imperio
864 2754 1064 2856 relinquere
1079 2757 1112 2829 ⁵:

164 2905 235 2978 quo
267 2881 376 2954 multa
409 2881 574 2981 molesta,
600 2882 771 2955 discessus
804 2895 940 2980 nostor,
966 2880 1053 2954 belli
1083 2908 1135 2983 por

164 3003 298 3104 culum,
322 3007 472 3080 militum
499 3007 706 3108 improbitas
714 3064 724 3107 7
750 3022 912 3080 sexcenta
945 3023 1131 3108 praeterea

163 3130 195 3200 O
222 3157 294 3202 rem
320 3147 431 3208 totam
456 3134 633 3209 odiosam!
660 3134 723 3206 sed
747 3134 835 3207 haee
860 3135 1002 3208 fortuna
1023 3135 1135 3213 videri

162 3257 328 3354 quoniam
354 3260 499 3333 consilio
525 3286 598 3333 non
624 3260 773 3334 multum
799 3262 851 3333 uti
875 3260 967 3335 licet.

211 3408 232 3453 2
259 3382 331 3483 Tu,
358 3387 500 3487 quando
527 3388 676 3459 Romam
702 3385 836 3486 salvus,
860 3400 900 3459 ut
924 3413 1050 3489 spero,
1067 3415 1135 3465 ven

159 3506 221 3605 sti,
246 3509 381 3583 videbis
399 3532 424 3611 r,
449 3527 488 3584 ut
514 3511 621 3611 soles,
647 3514 780 3612 omnia,
807 3539 895 3618 quae
912 3513 1090 3614 intelliges
1107 3542 1135 3593 u«

79 3710 81 3721 Ι
159 3647 230 3705 stra
262 3636 446 3737 iuteresse,
472 3640 509 3711 iu
541 3641 662 3739 primis
697 3639 741 3711 de
770 3638 884 3712 Tullia
910 3624 989 3712 mea
1007 3642 1043 3738 ⁸3
1070 3643 1135 3714 cuir

160 3757 203 3829 de
229 3763 431 3836 conditione
458 3765 544 3865 quid
568 3766 653 3838 mihi
678 3765 850 3866 placeret,
875 3767 1002 3867 scripsi
1028 3767 1075 3839 ad
1102 3769 1132 3840 T

159 3887 322 3982 rentiam,
348 3917 455 3993 quum
489 3906 526 3962 tu
558 3894 596 3965 iu
629 3893 775 3968 Graecia
810 3919 923 3991 essesr
950 3892 1080 3969 deiude
1113 3891 1135 3964 d
