2626 4854
259 364 331 437 292
624 352 895 405 ANNOTATIONES

262 482 300 545 ¹9
318 461 376 543 Ep.
397 458 551 530 coxan,
575 477 599 518 ι.
629 454 796 516 Dictitabat
827 453 955 513 fortusse
981 448 1109 532 probari
1139 472 1158 509 a
1177 449 1256 510 Cice-

300 588 375 628 rone
395 566 616 626 accusationem
629 562 712 623 illam
726 560 787 621 boc
799 567 999 641 argumento,
1020 555 1107 639 quod
1122 554 1179 616 sibi
1192 566 1257 616 mne

296 674 394 739 filiam
413 693 500 735 suam
525 670 708 732 collocasset
730 665 893 730 Masada.
917 664 1000 725 inira
1019 684 1074 725 ms.
1096 662 1160 724 zet.
1179 661 1205 723 B
1222 661 1255 722 de

298 803 358 864 qreo
378 782 466 841 etiam
486 798 626 840 sermone.

260 910 299 951 ao
319 889 437 971 Nuptiis
456 886 536 948 filiae
557 883 763 954 conciliatam
784 901 832 962 ep.
854 878 1010 951 CCXLH,
1032 898 1059 939 n.

260 1017 295 1057 21
320 995 407 1055 Hanc
437 996 498 1052 inm
527 992 748 1055 accusationem
776 987 884 1048 Cicero
911 996 1038 1047 conatus
1070 996 1117 1046 ast
1147 985 1254 1046 diluere

301 1123 349 1183 ep.
371 1100 527 1169 CCXXH,
552 1118 575 1158 1.

260 1228 298 1269 aa
319 1206 422 1269 Verba
448 1206 581 1266 nimirum
610 1225 653 1266 ex
672 1202 808 1285 Epicteto
837 1201 954 1264 addidit
973 1201 1132 1264 Victorius
1157 1211 1252 1260 aucto

302 1316 391 1375 ritate
410 1323 576 1383 matonam,
595 1323 626 1374 et
639 1312 789 1373 Graevius
809 1331 845 1372 ex
864 1310 987 1383 italico,
1007 1308 1133 1371 Amstel.
1159 1318 1190 1369 et
1208 1328 1253 1367 suo

297 1422 398 1501 primo
435 1418 586 1502 probavit
621 1417 779 1480 Secundus
803 1416 960 1477 dumtaxat
990 1414 1252 1475 Ambrosianorum

298 1525 393 1587 habet
412 1526 574 1588 mendose:
608 1546 667 1586 noa
695 1526 801 1585 murm
829 1543 871 1585 ea·
893 1525 1027 1605 epicteto.
1055 1521 1211 1582 Manutius
1228 1530 1253 1579 st

297 1633 465 1694 Lambinus
484 1655 521 1695 ea
541 1636 672 1715 genuina
691 1652 755 1695 esse
774 1630 942 1714 negabant,
973 1643 1006 1693 et
1032 1630 1140 1711 potius
1170 1629 1252 1686 inter-

297 1743 376 1822 preti
396 1740 516 1802 cuidem
536 1738 706 1800 tribuenda.
736 1740 781 1800 Ac
807 1738 961 1799 Manutius
990 1736 1118 1819 quidem
1139 1735 1199 1795 boc
1215 1756 1252 1794 ar-

298 1858 442 1927 gumento
461 1845 621 1919 utebatur,
642 1844 726 1927 quod
738 1865 802 1905 non
815 1865 850 1905 ox
864 1844 1022 1927 Epicteto,
1043 1842 1097 1903 sed
1110 1863 1147 1903 ex
1162 1841 1252 1901 multis

298 1952 469 2013 civitatibus
488 1953 594 2014 Cicero
615 1954 683 2034 (ep.
704 1952 862 2023 ccxxn,
887 1952 920 2027 ι)
942 1949 1017 2010 dixit
1037 1948 1077 2009 ad
1104 1970 1139 2010 se
1158 1948 1251 2008 adiisse

296 2061 466 2142 principes,
486 2059 526 2119 ad
539 2080 631 2141 seque
645 2058 804 2129 detulisse,
824 2067 941 2117 sumtus
962 2056 1069 2138 legatis
1087 2058 1182 2116 nimis
1200 2074 1252 2112 ma·

298 2185 373 2245 gnos
394 2165 522 2226 decerni.
554 2165 648 2242 Quod
678 2175 892 2246 argumentum
921 2163 1105 2225 Benedictus
1127 2164 1198 2223 scite
1214 2161 1252 2218 in·

297 2270 402 2330 firmat
422 2269 580 2330 Strabonis
601 2271 669 2330 loco
695 2270 747 2330 lib.
767 2271 845 2342 ΧΠ,
870 2292 901 2352 p.
921 2268 998 2342 833,
1024 2268 1073 2330 od
1093 2268 1252 2340 Falconem

296 2374 350 2434 ubi
372 2378 500 2468 regionis
520 2376 651 2458 Epicteti
674 2379 736 2437 sive
756 2362 912 2458 Phrpgiaa
932 2378 1063 2437 minoris
1092 2376 1197 2459 plures
1218 2375 1252 2434 oi·

296 2485 403 2542 vitates
416 2494 640 2542 memorantur:
656 2484 778 2557 Aaou,
797 2482 959 2556 Nacoler'a,
981 2481 1180 2562 Goty‘aeiam,
1198 2481 1249 2543 Mi-

296 2588 417 2658 dar'am‚
438 2591 618 2669 Dorylaium
638 2603 667 2650 et
688 2590 772 2650 Gadi.
804 2592 876 2668 Quo
903 2593 935 2649 in
964 2589 1034 2650 loco
1066 2593 1251 2650 nominantur

296 2695 495 2768 Midaeenses‚
529 2718 605 2777 quos
627 2697 803 2757 Ciceronem
824 2700 856 2756 in
876 2695 934 2756 hac
958 2717 1051 2757 causa
1071 2697 1183 2757 adiisse
1200 2715 1251 2754 me·

296 2805 476 2863 moratium
504 2804 655 2885 appellata
680 2804 814 2885 epistola.
838 2805 952 2864 Contra
974 2802 1167 2864 Lambinum
1190 2819 1251 2863 vero

296 2907 498 2968 affirmantem
512 2908 587 2969 baec
600 2908 694 2970 verba
708 2911 839 2991 glossam
858 2930 979 2990 sapere,
1000 2909 1073 2970 facit
1088 2909 1251 2976 Ernestius,

296 3007 350 3083 qui
370 3005 503 3066 affirmat
522 3007 606 3068 nullo
626 3009 718 3068 modo
737 3008 805 3069 fieri
826 3011 974 3091 potuisse,
1001 3020 1038 3069 ut
1058 3011 1203 3093 imperito
1220 3007 1251 3066 li-

295 3107 399 3173 brario
419 3113 451 3170 in
471 3124 603 3172 mentem
623 3117 739 3175 veniret
760 3114 798 3176 do
818 3115 967 3197 Epicteto.
989 3114 1139 3176 Ceterum
1159 3115 1252 3175 adver·

296 3215 382 3275 bium
404 3217 537 3277 arrarum
557 3224 701 3301 expunxit
715 3220 894 3293 Schiitzius,
916 3221 1000 3303 quod
1021 3232 1128 3283 ortum
1142 3244 1202 3284 esse
1214 3223 1252 3282 vi-

295 3322 386 3381 detur
407 3343 441 3383 ex
463 3326 656 3386 antecedente
677 3330 790 3388 nensiai.

256 3430 294 3488 23
315 3429 382 3487 Non
402 3440 465 3489 tam
485 3430 545 3492 boc
565 3434 706 3514 imperii,
728 3457 820 3514 quam
842 3435 944 3495 iudicii
965 3435 1032 3495 fuit.
1056 3435 1254 3498 ManutMox

296 3535 356 3595 ch.
377 3536 534 3598 B'sumtas
553 3559 643 3621 qaam
664 3543 813 3613 maxirrrc,
834 3544 944 3602 omisso
966 3543 1090 3621 legatis,
1111 3565 1189 3627 quae
1205 3563 1256 3604 vox

295 3664 314 3701 a
343 3646 492 3725 superiori
523 3646 672 3707 inculcata
696 3659 748 3707 est
773 3648 827 3708 Ad
852 3649 959 3728 legem,
984 3650 1158 3712 secundum
1184 3649 1258 3733 quod

203 3772 207 3781 ’
296 3747 341 3807 iex
367 3749 507 3811 Cornelia
527 3751 565 3811 de
589 3755 746 3832 proviaciis
766 3753 937 3815 ordinandis
958 3754 1097 3819 iubebat.

255 3852 294 3929 sd
316 3853 453 3918 Tabulae
467 3857 620 3941 publicae,
644 3861 676 3920 iu
691 3882 765 3943 quas
778 3863 892 3947 accepti
907 3866 1097 3945 expensique
1119 3869 1198 3928 ratio
1217 3885 1260 3928 re·
