2626 4854
433 363 470 409 us
497 356 687 407 narsronts
997 339 1069 440 339

61 480 93 519 ιι
118 460 166 519 De
188 480 220 518 re
242 458 325 541 publ.
347 462 378 518 in
400 463 594 523 universum.
607 460 678 522 Mss.
700 460 787 520 multi
803 481 918 522 smmna
931 463 1069 544 reipubl.

100 565 160 629 Sed
182 565 258 626 illud
276 564 363 628 bene.
383 567 470 649 Virg.
491 567 557 629 AEn.
578 567 620 640 11,
642 568 708 629 32⁴1.
732 567 800 650 Quo
821 588 867 627 res
886 590 1003 631 summa
1027 572 1070 632 lo-

98 690 153 747 eo,
173 672 311 734 Panthu?
332 674 437 735 Cicero
463 694 510 756 ep.
537 674 630 747 XXl,
653 672 673 735 5
693 676 770 746 init,
793 695 850 756 pro
878 675 981 737 Plane.
1009 697 1068 759 ²73

98 782 206 840 Livius
228 781 288 853 lll,
301 779 329 841 ·5
349 791 380 842 et
401 782 523 855 XXVI,
549 802 584 843 ιο
603 781 714 862 aliique
740 781 842 854 multi,
864 804 941 865 quos
963 805 1068 845 reeen-

100 898 144 947 set
165 887 201 946 F.
223 887 308 948 Frid.
330 889 515 950 Gronovius.

63 1015 98 1055 ιι
120 992 208 1055 Αιιὼ.
234 993 271 1055 ι5
290 1015 402 1057 anunm
419 1015 497 1077 paee
512 1038 522 1069 ,
538 995 591 1056 ubi
614 997 639 1056 si
658 996 688 1056 in
709 993 749 1056 ab
776 995 1017 1057 antecedentem
1038 998 1069 1056 in

98 1103 183 1162 mstis
213 1099 369 1162 absorberi
399 1101 521 1163 solitum
545 1104 725 1184 interponis,
745 1100 872 1163 habebis
899 1123 1010 1164 annum
1039 1103 1069 1163 in

96 1226 182 1288 paee.
202 1207 371 1290 Vulgatum
385 1209 544 1272 Ernestius
561 1208 756 1282 emendabat,
770 1219 800 1271 et
812 1208 970 1270 Soblitzius
984 1230 1068 1270 reoe·

99 1316 145 1397 pit
162 1335 270 1396 pacem
289 1336 401 1377 annum
426 1317 504 1377 ultra
521 1338 573 1399 μς
593 1317 664 1377 οΙίιιι
686 1315 832 1378 edebatur
844 1338 891 1377 me
910 1317 1068 1378 etiamnum

94 1442 212 1504 pacem.
232 1423 289 1484 Est
301 1421 352 1484 hie
374 1444 491 1484 sensus:
514 1424 564 1484 Me
586 1423 708 1486 credere
722 1438 836 1484 aunum
853 1423 935 1483 huna
949 1425 1068 1506 inpane

97 1549 161 1588 non
180 1531 397 1604 transiturum,
418 1533 480 1592 sive
500 1530 561 1592 hoo
583 1551 664 1592 anno
683 1529 800 1592 bellum
823 1530 961 1592 futurum
988 1532 1067 1590 inter

98 1636 260 1698 Caesarem
280 1647 310 1698 et
329 1637 521 1720 Pompeium.

63 1743 97 1802 13
119 1743 221 1824 Vulgo
248 1757 381 1826 apparat.
412 1746 599 1828 Propositum
620 1745 674 1805 boe
694 1743 878 1829 est—quod
900 1744 952 1806 Cn.
974 1745 1065 1806 Fom-

94 1850 189 1934 peius.
209 1848 368 1913 Sehiltzius
389 1854 567 1936 interposita
587 1851 681 1913 verba
702 1853 761 1913 hoc
781 1865 840 1927 est,
863 1851 901 1912 de
921 1873 997 1934 quo,
1016 1853 1069 1934 qui

97 1977 195 2016 rerum
210 1958 381 2040 potiuntur,
401 1973 469 2020 sunt
488 1957 655 2020 dimicaturi
659 2005 671 2033 ‚
690 1969 726 2018 ut
745 1958 875 2039 glossam
896 1958 1017 2020 delevit.

63 2065 98 2140 id
120 2065 159 2123 At
180 2063 309 2138 Caesar,
330 2067 428 2148 inquit
441 2067 596 2149 Appianus
619 2066 666 2145 (Β.
688 2066 753 2126 civ.
775 2066 820 2137 ll,
842 2064 913 2146 25).
927 2074 1065 2126 senatum

96 2182 270 2253 suspectum
296 2170 412 2234 habeus
437 2184 472 2233 ut
493 2171 550 2234 sibi
574 2172 752 2245 adversum,
772 2174 958 2253 timensque,
975 2192 1012 2231 na
1034 2174 1065 2230 in
1137 2246 1140 2251 ἢ

95 2279 289 2358 privatorum
304 2280 417 2339 civium
432 2280 569 2342 ordinem
588 2279 731 2340 redactus
751 2281 879 2340 inimicis
900 2277 987 2339 lieret
1008 2276 1065 2338 ob-

96 2387 221 2459 noxius,
241 2385 384 2447 omnibus
405 2387 520 2448 artibus
541 2387 601 2448 hoc
621 2385 745 2470 agebat,
765 2397 801 2448 ut
820 2388 986 2448 exereitum
1016 2405 1064 2445 re-

96 2492 224 2575 tineret,
244 2491 341 2554 donec
361 2495 426 2575 ipse
447 2493 553 2554 consul
574 2492 793 2577 designaretur.

59 2594 96 2656 15
117 2596 274 2660 Ernestius
295 2599 467 2682 corrigebat
478 2600 543 2682 fert
561 2601 629 2674 ille,
650 2599 763 2663 seilicet
783 2599 902 2660 Caesar.

59 2701 96 2763 16
115 2704 260 2786 lntelligit
279 2709 506 2768 matrimonium
527 2706 682 2789 Pompeii,
703 2724 814 2788 quum,
834 2705 989 2787 potentiae
1010 2723 1064 2763 ou·

94 2809 236 2892 piditata,
257 2811 382 2874 duceret
402 2814 510 2875 Iuliam
531 2815 666 2876 Caesaris
687 2812 800 2885 filiam,
821 2811 858 2872 de
880 2831 941 2892 qua
953 2808 1064 2870 nundi·

95 2919 218 2979 natione
238 2922 522 2994 matrimoniorum,
543 2942 603 3003 qua
625 2942 671 2981 res
698 2918 784 3003 publ.
812 2915 1064 3001 opprimebatur,

96 3027 236 3108 queritur
256 3027 330 3087 Cato
352 3028 433 3111 apud
450 3027 651 3094 Plutarchum
673 3029 704 3088 in
724 3029 788 3088 vita
808 3025 891 3086 lulli.
913 3022 1065 3086 Invidiosa

94 3133 261 3194 consumat>
274 3144 319 3196 est
330 3136 554 3209 triumviratus,
568 3156 660 3217 quem
673 3135 803 3196 inierant
817 3132 957 3203 Crassus,
970 3130 1065 3192 Pom·

95 3243 183 3323 peius
203 3251 236 3301 et
254 3241 380 3315 Caesar,
400 3241 448 3305 his
468 3242 651 3326 legibussut
663 3240 739 3303 nihil
753 3244 784 3302 in
798 3261 832 3302 re
845 3238 931 3324 publ.
945 3259 1065 3321 gerere-

93 3358 161 3420 tur,
174 3349 246 3430 ipsis
260 3348 513 3432 improbantibus.
529 3349 679 3413 Graevius.
694 3350 802 3410 Noster
817 3347 853 3413 15
866 3348 971 3409 ticillo
981 3366 1064 3407 αιιιο-

92 3456 137 3515 ris
149 3453 287 3536 muzilima
302 3457 385 3539 (lege
397 3456 554 3539 invidiosa)
569 3458 742 3520 coniunctio.
756 3457 862 3518 Nescio
878 3471 970 3536 quatu
984 3452 1062 3512 bene

92 3562 166 3624 Rec.
187 3564 286 3644 iugem
305 3567 476 3627 coniunctio.
502 3566 575 3627 Mox
594 3563 719 3639 moedit,
737 3584 796 3647 pro
817 3561 946 3643 simplici
966 3555 1062 3629 redita

91 3669 217 3752 dequo
239 3671 279 3732 ad
299 3670 418 3734 Sallust.
433 3673 548 3756 lugurt.
569 3695 593 3736 a.
614 3674 643 3750 4.
664 3672 801 3744 (Ιοιϋιιιι
823 3669 874 3729 alii
894 3687 964 3727 mss.
987 3665 1061 3724 reei-

91 3777 147 3838 dit.
170 3780 252 3841 Tum
274 3777 361 3840 Amb.
387 3780 423 3858 td
442 3779 634 3842 ad'ooeultas
646 3775 924 3841 -obtractationen

52 3909 89 3967 ¹7
116 3884 169 3945 Sic
193 3907 261 3948 mss.
288 3887 386 3949 Guelf.
415 3889 484 3949 Rae.
505 3898 535 3949 et
556 3886 664 3950 Ambb.
686 3887 813 3970 passim,
835 3902 905 3942 cum
924 3877 991 3942 edd.
1013 3900 1059 3962 pr.
