2626 4854
437 366 474 414 1n
501 367 693 417 arrrroms
999 345 1070 450 357

65 476 71 484 ’
96 477 169 537 ῑυο,
184 466 208 526 ri
224 466 325 538 voles,
346 469 394 528 cui
416 468 521 530 libebit
543 470 787 530 adolescentium.
812 471 846 533 V
844 470 945 532 andita
965 493 1068 532 emen-

54 610 59 615 ·
95 573 182 634 davit
204 575 226 634 1.
247 574 291 643 F„
305 574 496 648 Gronovius,
517 589 695 659 receperunt
714 577 886 652 Ernestius,
908 578 1020 641 Schutz
1041 592 1072 642 et

97 681 243 742 Clericus.
265 683 300 742 ln
321 680 405 744 libris
426 683 568 746 omnibus
588 697 633 745 est
653 683 776 746 vemlito.

58 790 77 850 3
99 788 225 850 Servus.

55 897 78 975 4
100 896 171 958 Vid.
193 917 241 980 ep.
263 895 449 970 CLXXXV,
474 919 496 958 r.
518 899 590 960 Mox
616 897 782 959 Lambinus
807 901 897 961 etiarm
924 920 991 961 cam
1011 903 1072 962 iam

98 1001 275 1078 &cessum
302 1003 356 1066 sed
386 1003 455 1066 libri
485 1005 663 1067 alterutrum
692 1017 827 1080 tantum,
854 1029 919 1068 eam
943 1010 990 1069 vel
1012 1011 1072 1068 iam

97 1110 318 1192 praeseferunt.

56 1214 156 1276 tEst
175 1219 207 1277 in
228 1216 314 1278 libris
341 1218 493 1280 veteribus
520 1218 603 1302 quod
627 1222 653 1281 ti
678 1221 719 1280 ita
740 1233 785 1280 est
812 1223 915 1304 (qaod
943 1225 1072 1285 marimo
1191 1220 1195 1229 ’

97 1325 186 1401 opto)
208 1321 356 1406 idapem.

55 1424 78 1488 6
99 1426 152 1488 Sic
171 1431 286 1510 optime
307 1431 463 1493 Manutius
482 1443 513 1493 et
533 1432 688 1495 Graevius.
710 1433 813 1515 Vulgo
835 1435 916 1496 male
930 1435 1072 1497 Alem'dis

96 1535 230 1596 animam
259 1539 454 1600 amabam—
467 1559 587 1600 monam
611 1558 672 1600 noa
697 1541 844 1601 amabam.
872 1543 905 1601 ln
932 1541 978 1602 ed.
1002 1543 1070 1616 Aldi

100 1639 199 1719 (adde
220 1653 251 1703 et
271 1645 434 1728 Herragii)
457 1643 504 1706 bis
526 1657 572 1708 est
593 1667 721 1706 manum.
743 1647 850 1708 Cicero
868 1651 948 1708 enim
970 1651 1027 1720 nit,
1040 1671 1072 1711 se
1143 1680 1150 1697 ·

100 1756 132 1815 in
155 1757 191 1815 iis
213 1753 323 1825 literis,
344 1774 419 1834 quas
441 1754 556 1813 Atticus
570 1764 697 1835 propter
710 1753 939 1815 invalitudinem
955 1754 1071 1816 Alexidi

52 1901 55 1905 -
100 1860 263 1932 dictasset,
289 1859 381 1920 huius
409 1880 530 1919 nmmum
558 1880 688 1932 amasse,
715 1859 798 1941 quod
825 1870 887 1920 tom
914 1881 1011 1943 prope
1032 1861 1072 1922 ad

97 1969 189 2028 Attici
210 1964 449 2048 chirographum
463 1968 646 2041 accessisset3
669 1980 883 2039 nordmanna,
910 1967 1072 2048 qnotl'llt-

95 2075 194 2134 ticum
214 2071 297 2133 haud
317 2072 418 2132 valere
438 2072 606 2133 indicasset.
629 2071 748 2133 Schiitz.

58 2202 75 2262 7
97 2181 187 2257 Quae
208 2177 284 2240 mihi
305 2181 336 2238 in
356 2181 536 2239 memoriam
558 2178 676 2240 reduxit
691 2180 853 2252 Tironem,
868 2181 954 2241 cuius
968 2179 1070 2241 Alexis

97 2296 144 2347 est
164 2287 283 2366 imago;
304 2305 352 2367 cpi
373 2285 557 2346 CCXCVII!
580 2297 656 2348 extr.
681 2285 804 2348 Corrad.
980 2282 983 2287 ⁴

55 2392 77 2456 8
96 2392 278 2474 Legendum
297 2391 418 2452 videtur
435 2391 653 2454 aiotesoentem
666 2392 825 2466 eruditum,
841 2405 874 2454 ut
886 2396 978 2468 nosti,
991 2388 1071 2455 adde
1145 2384 1152 2396 ”

96 2500 126 2560 ri
143 2500 202 2572 vis,
219 2499 355 2580 probam.
376 2497 498 2559 Sohiitz.
523 2497 619 2561 Careo
642 2520 741 2580 aegra5
761 2512 791 2562 et
809 2520 991 2583 quamnquam
1014 2511 1071 2563 etc.

96 2604 175 2686 legit
193 2605 274 2665 infra
294 2603 461 2666 Lambinus
484 2606 680 2668 continenter.

47 2733 76 2795 -9
95 2711 274 2773 Pronomen
299 2733 330 2772 re
357 2710 484 2772 debetur
512 2713 700 2796 Malaspinnc
726 2725 759 2776 et
778 2713 885 2788 Borio,
905 2714 958 2797 qui
979 2715 1070 2797 primi
1107 2784 1122 2800 ,

97 2839 133 2880 ex
156 2821 217 2878 ruis
236 2817 324 2879 codd.
346 2818 537 2880 addiderunt.
957 2838 960 2843 ’
999 2818 1015 2837 ”

10 2944 16 2968 ·
56 2947 97 2988 ιο
116 2925 240 2987 Scilicet
264 2924 413 3007 indigena.
445 2923 501 2987 Est
528 2937 629 2988 autem
657 2936 815 3010 αὐτόχθων
841 2925 1071 2997 cananaea,

41 3061 45 3068 ·
96 3053 193 3113 quam
214 3035 245 3091 in
266 3051 313 3114 ep.
335 3032 541 3106 CDLXXHI,
562 3055 571 3094 1
596 3036 751 3117 antiquam
770 3047 800 3094 et
821 3035 1010 3096 vernaculam
1019 3031 1070 3114 se·

40 3177 46 3185 ·
95 3139 251 3201 uirtutem
271 3138 412 3220 appellnt.
434 3140 533 3201 Huius
556 3140 613 3201 loci
635 3141 797 3201 lectionem
822 3144 976 3222 antiquam
999 3158 1071 3198 oum

42 3275 47 3285 ·
95 3245 241 3306 Ernesto
262 3255 292 3306 et
314 3245 431 3307 Clerico
452 3250 593 3307 revocavi
611 3250 794 3309 auctoritato
810 3244 914 3308 Amba}
933 3243 968 3305 16
980 3255 1010 3305 et
1023 3244 1070 3305 ed.

39 3380 62 3414 -r
95 3351 172 3424 Ro,
193 3350 439 3432 praeferendam,
460 3361 496 3412 ut
515 3352 582 3413 aliis
605 3356 697 3414 etiam
718 3357 835 3425 visum,
848 3353 1003 3431 affigatur:
1028 3349 1072 3409 Et

95 3458 264 3520 mehercule
283 3470 452 3540 est,>quam
462 3457 559 3539 sarcita
586 3457 712 3540 diligas,
731 3469 880 3544 αὐτόχθων
900 3456 931 3516 in
956 3455 1070 3516 tonnae

40 3609 47 3615 -
96 3562 353 3626 orbaniacum
376 3575 580 3625 tentamentum
600 3563 723 3647 deporto
744 3577 789 3628 est
809 3565 980 3629 coniectura
1000 3560 1069 3621 Ma-

94 3672 307 3752 noritonam
329 3670 372 3730 M.
393 3670 744 3745 Brutus2et'Lambinus
765 3670 891 3751 recepit3
905 3669 961 3728 nisi
984 3666 1069 3748 quod

95 3775 286 3847 addiderunt
304 3776 448 3850 Romam„
471 3776 510 3836 ab
531 3777 674 3840 Ernestio
686 3791 727 3839 et
743 3797 824 3857 seqq.
846 3777 995 3835 omissam
1009 3793 1068 3834 vo-

40 3926 46 3933 -
95 3903 181 3958 cem,
201 3902 281 3966 quoe
293 3903 349 3965 per
362 3903 401 3946 ,se
419 3882 606 3966 intelligitur.
627 3884 706 3948 Meni
723 3881 941 3946 Testamentum
953 3879 993 3942 dc
1006 3893 1067 3944 tor·
