2626 4854
165 343 233 418 158
469 361 642 413 arrsrorn
667 363 859 412 coturni.
946 361 980 411 Δ.
994 365 1030 413 v.
1048 366 1077 412 c.
1096 366 1146 428 ,os

157 473 296 570 ignoro,
322 466 367 539 ab
393 466 610 538 amicissimis
636 466 728 565 eius,
754 465 853 538 cuius
872 463 916 537 de
932 464 1071 539 honore
1098 469 1170 566 agi-

156 611 228 696 tur,
263 593 369 668 scribi
394 592 515 667 solere.
540 593 640 692 Ego,
672 606 713 665 ut
738 618 862 694 spero,
895 605 933 665 te
957 593 1170 694 propediem

156 721 309 822 videbo,
335 734 441 823 atque
466 720 602 793 utinam
627 717 834 820 republica
867 719 1031 821 meliore,
1063 748 1171 822 quam

155 851 263 925 timeo
283 850 335 922 ¹³!

551 1101 784 1176 CCLXXIX·
873 1144 927 1203 (sa
942 1144 994 1192 on.
1011 1144 1086 1204 vni,
1104 1143 1145 1202 η)

72 1302 75 1306 ’
152 1281 375 1362 Argumentum.
396 1281 544 1360 Queritur
570 1280 609 1341 de
635 1282 724 1363 Appii
744 1279 864 1341 Claudii
893 1282 1034 1342 Censoris
1048 1283 1167 1364 ingrato

194 1393 296 1450 animo
318 1401 348 1453 et
368 1391 504 1460 iniuriis,
534 1399 716 1468 narratque,
737 1408 781 1460 se,
811 1410 907 1470 quum
929 1388 986 1449 sibi
1016 1400 1168 1449 accusato

193 1518 257 1575 rem
280 1496 319 1557 ab
347 1518 384 1557 eo
412 1498 514 1578 parari
545 1497 757 1578 comperisset,
791 1496 893 1577 ipsum
920 1498 1123 1557 antevertisse
1138 1505 1165 1555 et

192 1603 258 1685 lege
278 1604 432 1664 Scantinia
453 1623 616 1662 accusasse.

321 1804 375 1856 Sor.
395 1803 491 1855 Romae
510 1805 539 1852 Δ.
559 1802 592 1854 V.
611 1801 639 1853 C.
660 1800 788 1867 occul,
809 1818 896 1854 mense
913 1801 986 1871 Sept.

422 2026 588 2091 CAELIVS
615 2026 805 2091 CICERONI
830 2037 841 2068 ¹
867 2027 896 2089 S.

201 2243 319 2316 Pudet
343 2269 400 2315 mc
426 2242 492 2315 tibi
518 2243 697 2342 confiteri,
721 2255 758 2314 et
774 2242 872 2343 queri
890 2240 936 2314 de
949 2242 1079 2345 Appii,
1104 2243 1162 2316 ho

150 2369 255 2441 minis
283 2369 526 2468 ingratissimi,
558 2369 711 2468 iniuriis,
750 2369 811 2470 qui
834 2393 890 2441 me
919 2367 1057 2469 odisse,
1087 2371 1164 2471 quia

153 2480 281 2596 magna
299 2496 384 2568 mihi
403 2495 556 2568 debebat
572 2495 743 2568 beneficia
758 2511 790 2594 ²,
818 2496 955 2596 coepit,
981 2509 1033 2596 et,
1059 2523 1164 2598 quum

149 2624 260 2699 homo
286 2650 433 2724 avarus,
459 2638 565 2696 ntea
591 2623 789 2724 solveret3,
815 2622 882 2695 sibi
899 2623 1076 2724 imperare
1092 2649 1163 2696 non

149 2765 288 2852 posset,
314 2751 493 2825 occultum
518 2750 651 2823 bellum
676 2751 764 2824 milri
788 2749 934 2823 indixit:
968 2751 1020 2824 ita
1047 2748 1164 2825 occul·

149 2891 227 2950 tum
253 2891 394 2976 tamen,
418 2891 459 2949 nt
484 2872 587 2950 multi
612 2877 699 2950 mihi
724 2878 988 2976 renuntiarent,
1026 2872 1163 2979 etipse

151 3001 252 3074 facilc
279 3003 619 3102 animadverterem,
643 3003 734 3076 male
762 3030 844 3077 eum
862 3003 905 3076 de
922 3029 980 3076 me
999 3005 1163 3104 cogitare.

150 3129 388 3230 Posteaquam
409 3131 529 3203 vero-l
555 3133 726 3231 comperi,
748 3157 829 3203 eum
846 3129 1034 3228 collegium
1054 3135 1070 3182 ⁵
1089 3145 1163 3203 ten·

150 3267 260 3352 tasse,
278 3252 405 3328 deinde
424 3270 544 3358 aperte
563 3283 644 3329 cum
662 3256 873 3360 quibusdam
885 3257 1066 3358 locutum,
1086 3283 1167 3331 cnm

149 3382 192 3455 L.'
217 3382 377 3456 Domitio
395 3387 428 3483 ⁶,
451 3398 492 3456 ut
517 3409 612 3457 nunc
639 3399 709 3485 cst,
733 3385 820 3458 mihi
837 3385 1083 3458 inimicissimo
1102 3384 1170 3457 ho·

149 3509 263 3607 mine,
289 3508 499 3609 deliberare,
536 3511 626 3584 velle
658 3511 728 3585 hoc
753 3509 1003 3585 munusculum
1031 3511 1175 3586 deferre

149 3637 212 3707 Cn.
240 3637 415 3735 Pompeio
435 3657 469 3708 7:
495 3639 613 3737 ipsum
637 3652 678 3710 ut
702 3637 912 3738 prenderem
927 3641 961 3736 ⁸,
986 3653 1025 3712 et
1051 3638 1098 3712 ab
1122 3664 1183 3711 eo

150 3760 358 3862 deprecarer
374 3765 555 3863 iniuriam,
581 3791 686 3865 quem
704 3767 815 3840 vitam
831 3765 918 3837 mihi
942 3765 1074 3840 debere
1100 3792 1193 3867 pu·-

152 3900 261 3965 tarem
281 3908 312 3989 9,
336 3893 524 3993 impetrare
542 3918 562 3963 a
580 3918 727 3968 menon
744 3893 855 3994 potui.
869 3893 969 3986 Quid
989 3918 1075 3992 ergo
1093 3906 1144 3966 est
1156 3885 1201 3956 ἶ
