2626 4854
169 348 238 419 126
501 364 674 412 neisrons
698 364 833 411 cccxxi.
947 356 980 405 s.
997 360 1031 407 v.
1049 360 1079 407 c.
1098 356 1148 421 703

572 592 769 666 CCLXXI·
921 629 1091 690 (noan,
1108 632 1151 691 o>

161 782 382 855 Argamum.
403 771 521 831 Caninii
534 766 723 842 Sallustiani,
744 772 797 850 qui
814 767 913 827 Bibuli
928 788 1049 850 procos.
1064 766 1171 848 Syriae

200 892 342 963 quaestor
354 890 434 949 erat,
453 877 533 937 binis
552 878 647 938 liberis
659 876 839 959 respondet,
859 873 1032 957 prioribus,
1053 873 1094 933 ad
1106 874 1168 933 sin-

200 989 272 1069 gula
291 1008 328 1047 eo
348 985 454 1046 ordine
474 1006 537 1066 quo
558 996 734 1065 rogavera13
755 1004 774 1041 a
794 981 1036 1065 posterioribus,
1064 1002 1167 1041 causas

199 1092 397 1177 exponendo,
427 1112 522 1174 quare
547 1092 635 1151 illum
660 1090 772 1151 Bibulo
791 1088 1009 1151 commendare
1029 1109 1094 1149 non
1113 1088 1167 1153 de·

201 1200 291 1275 beal;
310 1202 360 1261 cui
380 1211 481 1260 lamen
500 1220 619 1259 morem
638 1200 725 1280 gerit

254 1434 309 1487 Ser.
326 1433 399 1485 Tarsi
412 1434 444 1485 Δ.
461 1432 498 1485 V.
514 1433 545 1485 C.
563 1431 691 1497 necui,
708 1431 776 1483 circa
794 1429 859 1483 nv
876 1429 936 1483 Kal.
953 1429 1075 1481 Sextiles.

235 1660 280 1723 ii
303 1660 341 1723 T.
364 1658 510 1723 ciseio
540 1657 623 1719 nu.
648 1656 811 1721 cursio
839 1653 1067 1719 sinivsrio
1094 1665 1106 1698 ι

447 1773 757 1853 ricoisesroiu
788 1774 819 1835 s.
843 1772 882 1835 n.

217 2018 230 2063 ι
259 1992 397 2065 Lileras
413 2005 431 2039 ²
448 2015 469 2061 a
486 2004 522 2061 te
546 1988 633 2060 inibi
658 2002 770 2061 stator
781 1986 867 2059 'uus
892 1986 1055 2061 reddidit
1070 1988 1173 2061 Tarsi

164 2145 193 2189 a.
211 2116 245 2187 d.
264 2143 326 2189 xvi
345 2116 495 2188 Kalend.
512 2115 668 2188 Sextiles.
688 2115 756 2187 His
779 2138 845 2211 ego
872 2113 1025 2214 ordine,
1055 2129 1099 2187 ut
1121 2115 1172 2188 vi·

161 2242 256 2314 deris
272 2241 390 2340 selle,
413 2242 648 2341 respondebo.
673 2243 728 2315 De
752 2265 957 2314 successore
980 2266 1066 2314 meo
1084 2240 1169 2313 nibil

160 2366 279 2439 audivi
286 2423 297 2467 ‚
313 2392 380 2440 nec
393 2394 604 2470 quemquam
615 2369 690 2443 sore
702 2366 861 2441 arbitror.
874 2368 975 2459 Quin
987 2368 1037 2440 ad
1052 2366 1163 2440 diem³

160 2492 346 2592 decedam,
363 2494 459 2567 nulla
476 2521 582 2568 causa
598 2509 670 2594 est,
685 2494 893 2595 pracsertim
910 2492 1056 2567 sublato
1073 2508 1160 2567 meta

157 2621 334 2694 Panbico.
360 2623 670 2695 Commoratumm
700 2648 758 2695 me
789 2647 965 2721 nusquam
998 2648 1088 2695 sane
1114 2648 1161 2695 ar·

156 2747 278 2821 bitror.
305 2748 493 2847 Rhodum,
512 2751 724 2823 Ciceronum
750 2775 854 2821 causa
878 2774 1093 2849 puerorum,
1115 2775 1162 2823 ac·

157 2900 336 2946 cessurum
360 2890 466 2974 puto3
496 2902 612 2977 neque
643 2875 683 2947 id
707 2890 827 2948 tamen
852 2889 1001 2948 certum.
1027 2876 1087 2949 Ad
1110 2902 1162 2947 ur·

155 2997 237 3068 bem
256 2998 368 3071 volol
394 3027 500 3101 quam
525 3005 679 3101 primum
703 3005 840 3098 venirc3
863 3000 929 3073 sed
955 3015 1082 3076 tamen
1102 3004 1162 3075 iter

155 3150 273 3196 meum
297 3129 348 3200 rei
374 3128 537 3227 publicae
562 3144 599 3202 et
623 3156 740 3202 rerum
764 3128 981 3203 urbanarum
997 3131 1093 3204 ratio
1109 3156 1162 3229 gu·

154 3251 326 3325 bernabit.
344 3255 533 3330 Successor
551 3270 633 3328 tuus
650 3258 665 3305 ⁵
691 3281 765 3329 non
782 3269 901 3356 potest
919 3256 970 3327 ita
987 3271 1159 3330 maturare

154 3378 227 3452 ullo
253 3380 381 3482 modo,
405 3397 446 3455 ut
470 3398 508 3455 tu
536 3410 592 3456 me
617 3386 655 3458 in
679 3386 797 3457 Asia⁶
822 3382 937 3482 possis
963 3384 1157 3458 convenire.

153 3508 207 3579 De
224 3510 416 3584 rationibus
436 3511 626 3584 referendis
644 3531 676 3610 7,
700 3537 775 3584 non
792 3524 867 3583 erat
883 3510 1156 3605 incommodum,

153 3647 188 3705 tc
214 3635 344 3709 nullam
368 3638 512 3711 referre:
538 3665 644 3739 quam
669 3638 733 3710 tibi
761 3636 882 3710 scribis
899 3662 922 3708 a
936 3636 1071 3710 Bibulo
1088 3635 1152 3709 fieri

151 3775 370 3857 potestatem.
389 3765 459 3837 Sed
484 3765 521 3836 id
547 3767 604 3836 vix
629 3765 716 3837 mihi
745 3763 872 3837 videris
891 3788 955 3862 per
975 3763 1090 3863 legem
1103 3765 1148 3835 Iu·

151 3882 233 3956 liaru
259 3890 370 3963 lacere
398 3918 519 3991 posse:
554 3919 660 3993 quoru
692 3890 838 3966 Bibulus
872 3905 968 3961 ceria
1004 3890 1147 3993 quadam
