2626 4854
259 338 331 411 308
624 352 897 405 nuuorarmnrs

298 462 355 521 aeri
378 458 505 520 volebat.
521 456 602 518 infra
616 456 695 516 idem
710 455 878 516 Lambinus
891 473 962 514 oum
976 452 1059 515 Mau.
1075 452 1199 515 laudari
1208 455 1260 528 νέες

298 567 350 629 aed
370 588 406 629 ex
428 567 551 628 Terent.
572 563 700 648 adelph.
722 564 769 638 11,
789 582 824 634 n,
849 563 901 640 14:

358 736 411 806 Ego
428 752 569 806 numquam
586 733 651 788 adeo
667 742 767 787 ututur
783 733 837 801 fui,

360 831 448 903 Quin,
461 829 585 904 quicquid
597 847 715 903 possem,
727 827 831 882 mallem
843 826 944 883 aufem
958 826 1046 898 potius
1058 826 1088 878 in
1101 827 1243 900 promentia

197 1027 203 1042 ⁴
299 1015 402 1065 tuetur
421 1003 578 1084 vulgatum
599 1003 760 1063 Graevius.

258 1111 279 1173 o
299 1110 402 1193 Neque
422 1130 457 1170 ex
478 1130 531 1181 eo,
551 1108 635 1191 quod
648 1129 695 1170 res
708 1119 775 1169 tuas
788 1109 821 1167 in
834 1092 993 1190 provincia
1007 1115 1108 1188 gestas
1123 1098 1193 1166 Diis
1211 1107 1259 1166 tri-

298 1216 352 1277 bui
366 1226 401 1277 tu
412 1215 514 1289 maiis,
537 1236 629 1298 quam
642 1214 714 1288 tibi,
734 1200 945 1296 consequitur,
965 1211 1219 1297 supplicationem
1234 1223 1260 1272 et

298 1319 489 1405 triumphum
508 1321 564 1382 tibi
584 1320 704 1397 deberi3
723 1320 774 1382 sed
795 1308 975 1381 alterutrum
996 1319 1141 1382 sufficere
1159 1330 1259 1403 potest.

260 1427 391 1513 9Multi
413 1449 483 1491 msa.
512 1449 582 1491 oum
610 1427 677 1490 edd.
702 1450 749 1511 pr.
776 1428 857 1490 Man.
884 1437 915 1489 et
940 1426 1050 1488 Lamb.
1079 1448 1161 1502 sum3
1187 1427 1261 1510 quod

299 1556 361 1597 non
382 1556 502 1619 sperno.
938 1528 944 1539 '

264 1664 299 1704 ιο
319 1643 412 1705 Recte
430 1663 535 1704 omnes
554 1641 625 1704 libri
645 1643 773 1704 instituto
793 1643 913 1716 itinere,
932 1641 963 1703 b.
978 1663 1004 1704 e.
1018 1652 1055 1702 ut
1075 1642 1177 1703 faeere
1196 1660 1257 1702 coe·

160 1758 167 1767 '
261 1768 269 1785 ⁶
299 1752 384 1833 pisti,
404 1749 569 1811 secundum
591 1750 739 1840 rationem
759 1749 887 1832 agendi,
908 1770 1009 1832 quam-
1023 1746 1127 1810 adhuc
1149 1759 1258 1811 secutus

299 1878 338 1917 es.
360 1857 411 1918 sic
430 1855 514 1942 apud
533 1857 654 1919 Terent.
676 1856 826 1919 Heauton.
849 1857 879 1931 1,
903 1857 1008 1940 1,49:

769 2044 850 2114 Coepi
866 2060 921 2097 non
937 2043 1103 2109 humanitas,
1178 2061 1181 2065 ·

395 2136 488 2208 Neque
505 2143 536 2190 ut
551 2140 666 2191 animum
683 2137 772 2191 decuit
788 2145 922 2208 aegrotum
940 2137 1145 2206 adoluoeniuii,

394 2230 533 2297 Tractare,
551 2231 596 2286 eod
613 2233 639 2286 ri
656 2240 683 2284 ei
700 2234 743 2287 via
759 2233 908 2303 pervolgata
924 2240 1048 2306 patrum,

252 2368 256 2373 '
301 2400 331 2461 h.
352 2422 379 2497 e.
399 2401 492 2463 modo
514 2403 639 2484 agendi,
660 2425 752 2487 quem
773 2415 876 2467 tenent
895 2402 989 2487 vulgo
1009 2415 1125 2489 patres.
1145 2406 1248 2468 Auson.

395 2553 473 2623 Quod
490 2555 558 2608 vitae
575 2555 693 2610 aectabor
710 2556 776 2624 iter,
795 2557 816 2611 ai
833 2558 910 2629 plena
927 2557 1046 2610 tumuiiu

395 2648 498 2701 Omma

300 2812 457 2874 Graevius.
479 2815 571 2896 Perge
593 2827 688 2878 tenere
707 2818 793 2878 irtam
813 2819 901 2890 vium,
922 2836 1013 2900 quam
1032 2818 1199 2891 instituisti,
1216 2816 1257 2876 di-

299 2919 342 2976 xit
368 2918 433 2978 aiiis
464 2920 563 2982 verbis
584 2923 665 2984 idem
698 2924 758 2985 Cic.
787 2922 828 2986 de
850 2924 915 2986 Pet.
946 2925 1036 2985 Cous.
1063 2947 1089 2986 o.
1123 2923 1168 2986 15.
1195 2925 1257 2985 Mox

300 3020 387 3085 amb.
414 3023 449 3085 15
470 3029 660 3090 securitatem.

673 3245 851 3310 CCLXVH.

263 3471 273 3509 r
298 3449 375 3513 Edd.
397 3453 453 3515 Ro.
480 3467 510 3518 et
535 3458 644 3520 Minut.
672 3460 716 3519 M.
747 3458 881 3533 Caelius,
907 3457 952 3519 M.
980 3457 1012 3518 T.
1038 3456 1177 3520 Ciceroni
1196 3459 1255 3542 inp.

299 3559 494 3645 Quamquam
516 3565 579 3626 sine
599 3567 813 3648 praenomina,
832 3576 862 3626 et
882 3552 972 3625 titulo
992 3563 1121 3627 honoris
1142 3563 1255 3627 familia·

297 3668 417 3730 ritatem
439 3671 530 3732 Caelii
553 3694 623 3733 cum
643 3674 788 3734 Cicerone
808 3682 879 3756 apte
899 3673 1012 3733 indicat
1035 3673 1202 3754 vulgatum.

259 3790 276 3830 2
298 3773 383 3852 Quas
410 3799 477 3862 epp.
505 3778 742 3854 ccxxxvlll,
767 3800 784 3840 2
810 3789 840 3842 et
860 3779 1029 3853 CCXLIX,
1055 3781 1076 3857 4
1102 3777 1253 3865 postulavit

299 3877 411 3943 Cicero.
