2626 4854
160 334 226 410 152
467 348 638 400 semrom
665 347 839 400 cccxxvii.
932 348 965 399 ιι.
983 351 1019 402 v.
1036 350 1067 399 c.
1086 347 1136 413 ,οι

526 578 774 711 CCLXXVH.
822 564 827 573 ⁴
884 618 1010 680 (iana.
1027 622 1076 682 ιιι,
1093 624 1140 682 ιι)

153 765 374 846 Argamum.
400 782 411 824 1
435 759 535 843 Appio
557 759 669 840 gratias
689 760 768 840 agit,
794 756 878 839 quod
899 777 969 819 suos
988 760 1025 819 in
1044 761 1162 844 suppli-

193 875 311 934 catione
331 867 519 931 decernenda
537 865 722 940 adiuvisset,
735 876 904 948 parataque
916 867 960 927 illi
974 865 1081 928 officia
1097 868 1161 952 pol.

194 978 308 1040 licetur.
331 997 348 1037 2
368 977 416 1037 De
437 973 614 1037 Dolabellae
640 972 886 1034 reconciliatione
915 993 979 1036 non
1012 974 1158 1059 desperat

195 1088 214 1147 3
235 1086 400 1148 Censmam
420 1082 460 1143 ab
480 1085 582 1166 Appio
602 1079 758 1143 obtentam
778 1101 842 1143 esse
862 1091 973 1164 sperat.

323 1278 378 1332 scr.
395 1278 423 1330 iu
441 1277 500 1330 Asia
518 1278 550 1330 A.
568 1274 602 1330 V.
621 1274 650 1331 C.
667 1275 794 1344 DCCIll,
812 1293 899 1330 mense
916 1274 987 1330 Sext.

260 1505 305 1569 M.
330 1506 366 1571 Τ.·
391 1503 536 1570 CICERO
561 1504 679 1570 APPIO
704 1503 889 1571 PVLCHRO
915 1512 927 1549 ¹
952 1504 984 1570 S.
1007 1504 1048 1568 D.

209 1747 223 1795 1
253 1720 365 1815 Quasi
391 1719 603 1820 divinarem,
635 1716 699 1793 tali
730 1720 769 1791 in
794 1717 913 1795 officio
932 1736 949 1770 ²
973 1720 1051 1796 fore
1077 1720 1159 1794 mihi

157 1845 346 1950 aliquando
363 1845 601 1949 expetendum
617 1844 775 1921 studium
792 1858 894 1920 tuum
910 1848 943 1947 ³3
967 1847 1037 1948 sic,
1054 1875 1162 1950 quum

155 1975 200 2048 de
225 1976 294 2048 tuis
319 1974 424 2050 rebus
450 1975 556 2073 gestis
572 1972 759 2073 agebatur,
781 1974 1019 2050 inserviebam
1034 1975 1162 2051 honori

154 2115 228 2175 tuo.
254 2103 379 2174 Dicam
410 2113 530 2175 tamen
560 2126 659 2176 vere:
691 2099 790 2202 plus,
821 2127 929 2204 quam
953 2128 1162 2204 acceperas,

154 2225 351 2300 reddidisti.
383 2227 473 2320 Quis
505 2227 599 2299 enim
625 2224 753 2299 adme
778 2252 852 2300 non
876 2229 1104 2329 perscripsit,
1127 2241 1162 2302 te

152 2377 227 2426 non
254 2352 369 2427 solum
393 2354 601 2426 auctoritate
627 2354 797 2427 orationis
812 2352 846 2453 4,
878 2356 1056 2429 sententia
1082 2368 1163 2455 tua,

155 2477 282 2581 quibus
308 2505 373 2579 ego
399 2505 420 2552 a
445 2478 508 2555 tali
530 2479 608 2553 viro
635 2493 822 2553 contentus
840 2504 950 2579 eram,
975 2479 1164 2555 sedetiam

153 2631 285 2709 opera,
309 2605 475 2707 consilio,
507 2605 653 2679 domum
677 2603 875 2705 veniendo,
907 2607 1164 2681 conveniendis

151 2735 261 2833 meis,
297 2732 433 2806 nullum
464 2759 592 2806 munus
625 2731 731 2805 officii
753 2734 772 2813 ⁵,
795 2732 969 2834 cuiquam·
989 2732 1163 2835 reliquum

152 2859 296 2933 lecissel
321 2861 452 2932 Haec6
476 2859 565 2931 mibi
589 2858 762 2959 ampliora
786 2858 898 2933 multo
924 2873 1032 2957 sunt,
1058 2886 1162 2960 quam

102 2983 108 2999 '
151 2984 211 3057 illa
237 2985 331 3084 ipsa,
357 2998 505 3084 propter
530 3011 619 3085 quae
645 2985 734 3058 haec
758 2985 972 3059 laborantur.
1006 2985 1162 3085 Insignis

152 3112 248 3185 enim
272 3112 444 3185 virtutis7
470 3110 574 3184 multi
600 3112 707 3184 etium
739 3113 814 3185 siue
847 3113 977 3185 virtute
1011 3111 1163 3187 assecuti

152 3251 255 3311 sunt:
281 3237 404 3310 talium
421 3237 579 3311 virorum
596 3251 695 3312 tanta
707 3239 830 3312 studia
848 3239 985 3340 assequi
1002 3239 1080 3313 sola
1097 3240 1163 3313 vir

151 3367 242 3440 tus⁸
267 3378 395 3464 potest.
422 3366 545 3466 Itaque
570 3364 657 3438 mihi
683 3391 849 3467 propono
865 3365 1021 3439 fructum
1043 3366 1162 3440 amici·

150 3490 398 3592 tiaeJnostrae,
420 3492 537 3592 ipsam
554 3492 745 3564 amicitiam
756 3510 790 3592 93
816 3518 885 3594 qua
901 3491 992 3564 nihil
1008 3506 1066 3566 est
1081 3491 1162 3564 ube-

149 3617 469 3718 rina,praesertim
494 3617 599 3689 iniis
625 3617 751 3691 studiis
779 3635 826 3717 ¹⁰,
861 3616 988 3719 quibus
1014 3632 1161 3719 uterque

149 3759 310 3817 nostrum
337 3743 522 3818 devinctus
548 3756 609 3816 est
636 3743 729 3817 Nam
755 3743 820 3816 tibi
845 3769 903 3815 me
928 3745 1102 3842 profiteor
1127 3757 1161 3816 et

150 3871 188 3943 in
205 3897 242 3945 re
259 3871 401 3972 publica
418 3872 552 3947 socium
558 3925 569 3970 ,
595 3871 640 3946 de
657 3897 726 3972 qua
743 3870 838 3945 idem
856 3871 1044 3970 sentimus,
1070 3883 1106 3944 et
1124 3871 1160 3943 in
