2626 4854
249 335 338 409 ·256
628 352 797 404 urrsrout
825 356 892 402 ccc.
1046 353 1078 406 A„
1096 358 1132 407 v.
1151 359 1180 409 c.
1199 359 1248 423 ⁷⁰³

263 457 423 534 dontius?
455 458 616 530 Teuuisti
647 458 868 563 provinciam
898 455 1117 556 perdecem
1142 487 1271 562 annos,

261 610 337 660 non
362 583 426 658 tibi
452 609 472 657 a
497 596 639 683 senatu,
663 583 728 658 sed
752 611 774 657 a
797 596 834 656 te
850 585 930 684 ipso
958 609 1024 684 per
1053 587 1129 661 vim
1154 601 1194 662 et
1209 615 1271 689 per

262 711 452 785 factionem
478 708 580 783 datos
608 711 647 781 ¹⁵.
673 710 857 784 Praeteriit
888 723 1029 811 tempus
1061 738 1138 786 nou
1168 712 1267 814 legis,

262 822 327 912 sed
350 835 505 913 libidinis
530 850 632 909 tuae:
658 836 712 910 fao
738 850 871 936 tamen,
896 836 990 936 legis.
1025 837 1078 911 Vt
1103 839 1268 914 succede·

262 978 337 1062 tur,
362 961 580 1060 decernitur3
604 961 778 1062 impedis3
803 975 840 1043 et
865 963 931 1063 ais,
956 960 1048 1036 habe
1073 965 1147 1041 mei
1164 966 1265 1042 ratio-

262 1115 353 1163 nem.
378 1088 480 1162 Habe
506 1102 543 1159 tu
569 1102 740 1163 nostrum.
766 1090 972 1163 Exercitum
990 1103 1028 1162 tu
1045 1090 1180 1167 habeas
1198 1091 1263 1164 diu·

261 1216 342 1312 tius,
352 1241 457 1316 quam
473 1213 628 1314 populus
644 1216 754 1314 iussit,
764 1216 878 1290 invito
890 1217 1263 1318 senatuiDepugues¹⁶

262 1353 419 1440 oportet,
444 1342 511 1414 nisi
537 1339 712 1413 concedis.
732 1343 822 1415 Cum
838 1340 934 1414 bona
953 1341 1097 1443 quidem
1123 1370 1210 1444 spe,
1229 1357 1264 1417 ut

263 1468 312 1538 ait
328 1465 424 1539 idem
437 1482 479 1565 ¹7,
496 1465 555 1541 vel
572 1466 755 1568 vincendi⁷
778 1466 836 1542 vel
851 1468 890 1540 iu
905 1467 1067 1541 libertate
1085 1469 1262 1543 moriendi

261 1593 392 1666 Iamsi
417 1592 646 1694 pugnandum
672 1607 745 1667 est:
779 1620 849 1702 quo
883 1608 1061 1696 tempore,
1098 1597 1138 1669 in
1166 1622 1263 1694 casu3

263 1745 332 1820 quo
359 1719 523 1819 oonsilio,
547 1721 584 1792 in
609 1720 829 1822 temporibus
855 1722 961 1794 situm
987 1735 1049 1794 est
1082 1724 1209 1824 Itaque
1231 1736 1261 1795 te

261 1845 300 1917 iu
325 1873 366 1918 ea
391 1847 595 1947 quaestione
621 1873 695 1921 nou
720 1874 874 1922 exerceo.
899 1849 956 1923 Ad
981 1875 1040 1947 ea,
1065 1876 1158 1950 quae
1183 1849 1259 1947 dixi,

263 1970 368 2069 affer,
393 1974 424 2048 si
449 1974 535 2075 quid
560 1974 678 2049 habes.
692 1975 867 2078 Equidem
886 1975 961 2053 dies
985 1988 1180 2079 noctesque
1199 1989 1257 2050 tor·

263 2122 380 2196 queor.
