2626 4854
167 364 234 456 142
492 379 662 429 srrsrona
688 381 830 431 ccexxv.
949 378 981 426 a.
997 380 1030 429 v.
1050 379 1080 426 c.
1099 379 1145 441 7⁰³

551 610 764 685 CCLXXV.
894 650 948 710 (cr
962 650 1017 698 nn.
1034 652 1087 713 ιιι,
1105 653 1144 710 ια)

158 794 380 872 Argumentum.
407 810 417 849 1
443 788 623 851 Gratulatus
636 790 737 872 Appio
751 788 790 850 de
802 788 916 850 iudicio
936 789 1089 864 ambitus,
1109 813 1169 873 quo

201 898 342 959 omnibus
363 897 501 957 iudicum
515 899 669 957 sententiis
682 896 839 959 absolutus
853 909 906 958 est.
921 918 939 958 2
954 899 1084 981 Nuptias
1098 900 1168 960 Tul-

201 1007 261 1066 liae
281 1026 352 1066 cum
372 1003 549 1076 Dolabella,
573 1006 666 1086 Appii
686 1017 875 1078 accusatore,
895 1015 1033 1078 excusat,
1061 1027 1092 1066 se
1115 1004 1167 1066 ab·

197 1123 282 1175 sente
301 1125 332 1174 et
351 1114 496 1175 insciente
513 1111 676 1185 confectos,
697 1111 809 1193 quibus
823 1115 887 1197 ipse
901 1112 941 1173 ad
953 1098 1177 1175 declarandam¹

198 1224 299 1304 Appio
319 1220 557 1281 benivolentium
577 1219 674 1281 lactus
694 1222 733 1281 sit
758 1218 942 1303 diligentior.
969 1220 988 1282 3
1009 1220 1097 1282 Idem
1116 1222 1167 1293 iis,

176 1351 278 1411 .quae
304 1328 398 1389 literis
423 1327 462 1389 de
491 1328 612 1389 Tulliae
638 1330 835 1390 matrimonio
862 1331 1014 1411 acceptis,
1041 1328 1165 1391 Servilio

197 1438 288 1519 thPll
308 1436 450 1497 familiari
471 1435 594 1509 dixerit,
615 1433 784 1496 confirmat

315 1662 370 1715 Ser.
387 1661 462 1715 Sidae
481 1663 511 1714 A.
530 1661 563 1713 V.
581 1660 610 1712 C.
629 1660 756 1729 DCClll,
775 1659 825 1713 lll.
844 1659 911 1713 Non.
928 1659 1003 1716 Sext.

263 1888 306 1952 M.
332 1888 368 1951 T.
394 1887 541 1953 CICERO
566 1886 685 1952 APPIO
710 1885 897 1950 PVLCHRO
924 1896 935 1928 ¹
963 1886 994 1949 S.
1020 1887 1059 1949 D.

212 2157 224 2202 ι
256 2128 473 2203 Gratulabor
498 2127 564 2200 tibi
590 2129 689 2229 prins
724 2129 791 2216 (ita
817 2127 913 2200 enim
938 2120 1057 2201 rerdm
1081 2127 1163 2200 ordo

155 2253 349 2355 postulat)⁷
375 2253 503 2326 deinde
529 2252 575 2326 ad
600 2281 658 2327 me
684 2267 880 2329 convertar.
901 2256 980 2353 Ego
1007 2279 1095 2328 vero
1113 2279 1165 2329 ve·

155 2380 339 2457 liementer
364 2381 521 2480 gratulor
547 2380 591 2453 de
616 2380 749 2455 iudicio
776 2380 946 2454 ambitus:
971 2406 1090 2484 neque
1113 2379 1163 2479 id,

116 2572 119 2579 .
156 2507 253 2608 quod
277 2509 412 2582 nemini
439 2507 587 2580 dubium
613 2508 696 2607 fuit,
730 2507 931 2581 absolutum
965 2533 1041 2581 esse
1076 2522 1112 2580 te
1135 2522 1165 2600 ²3

154 2634 217 2707 sed
241 2634 329 2709 illud
356 2634 490 2737 (quod,
525 2663 596 2738 quo
622 2635 748 2709 melior
780 2636 866 2709 civis
871 2692 886 2734 ,
917 2661 990 2736 qno
1019 2635 1074 2708 ιιι
1100 2633 1164 2707 cla-

152 2763 241 2861 rior⁷
271 2788 342 2864 quo
369 2761 492 2836 fortior
518 2763 650 2836 amicus
667 2789 725 2862 es,
750 2788 891 2865 quoque
908 2761 1012 2863 plura
1028 2762 1165 2837 virtutis

153 2902 190 2960 et
214 2887 407 2962 industriae
435 2905 641 2963 ornamenta
668 2892 705 2962 in
722 2903 758 2962 te
776 2904 880 2990 sunt,
905 2915 949 2964 eo
967 2890 1165 2964 mirandum

152 3027 207 3085 est
231 3016 343 3112 magis
362 3018 416 3115 ³),
441 3016 573 3090 nullam
599 3043 645 3089 ne
669 3018 707 3089 in
731 3016 881 3090 tabellae
910 3016 1057 3118 quidem
1081 3018 1165 3091 late-

151 3138 249 3210 bral
275 3139 382 3213 fuisse
409 3141 655 3216 absconditam
680 3142 976 3242 malivolentiam,
1013 3171 1105 3244 quae
1131 3157 1165 3216 te

152 3266 359 3366 impugnare
378 3270 393 3319 ⁵
420 3269 573 3345 auderet.
601 3270 685 3344 Non
702 3270 829 3344 horum
849 3286 1070 3371 temporum,
1094 3294 1165 3344 non

151 3391 281 3466 horum
306 3394 492 3470 hominum
518 3410 625 3499 atque
655 3423 795 3472 morum
822 3398 1004 3496 negotium
1021 3401 1056 3473 6!
1081 3395 1165 3470 nihil

152 3520 223 3592 iam
249 3547 327 3594 sum
353 3522 493 3623 pridem
518 3522 711 3597 admiratus
737 3524 856 3623 magis.

205 3674 225 3718 2
252 3649 307 3720 De
332 3675 388 3721 me
415 3664 552 3749 autem,
578 3653 718 3751 suscipe
743 3651 935 3752 paullisper
960 3675 1060 3722 meas
1086 3675 1166 3750 par·

151 3787 223 3871 tes,
250 3788 285 3847 ct
311 3802 392 3848 eum
417 3791 451 3849 te
478 3804 552 3850 esse
578 3780 689 3876 finge,
715 3780 774 3879 qui
802 3803 879 3850 sum
906 3801 989 3875 ego:
1017 3777 1047 3849 si
1065 3775 1163 3849 facile

108 3897 113 3907 “
150 3899 324 3976 inveneris
351 3903 448 4003 quod
476 3904 570 3978 dicas
583 3960 593 4005 ‚
625 3904 698 3980 noli
728 3907 910 4005 ignoscere
937 3902 1161 3978 haesitationi
