2678 4860
153 412 160 423 „
244 312 309 399 1'82
556 339 727 392 emmoni
751 341 933 391 cctxxxrv.
1026 337 1105 413 nu.
1123 338 1152 385 c.
1170 336 1218 399 7⁰³

239 450 326 524 mihi
343 473 531 524 commune
549 460 602 520 est
619 472 700 519 cum
717 443 889 518 omnibus.
907 440 1002 516 Nihil
1020 441 1084 513 tibi
1100 440 1245 539 mande,

236 590 278 650 ut
303 577 347 650 de
373 601 416 649 eo
442 575 581 674 cogites.
606 572 699 646 Illud
719 597 838 645 meum
855 569 1038 671 proprium
1060 570 1245 666 πρόβλημα,

237 728 388 807 quaeso,
405 703 553 803 suscipe.
570 699 745 801 Videsne,
761 713 802 772 ut
818 713 853 772 te
871 711 1013 770 auctore
1030 697 1096 769 sim
1112 708 1246 768 utrum-

238 858 307 934 que
326 828 530 932 complexus
547 827 599 902 ¹⁰?
615 829 668 901 Ae
686 826 813 903 vellem
826 852 846 899 a
858 825 1033 928 principio
1051 836 1087 896 te
1105 820 1245 895 audisse

238 958 447 1032 amicissime
473 968 677 1030 monentem
697 971 744 1027 ¹¹:

313 1137 395 1206 Ἀλλ’
421 1139 493 1229 ε’μόν
518 1145 621 1208 tunore
645 1136 748 1228 θυμὸν
772 1136 814 1203 ἔνι’
839 1137 1009 1208 στήθεσσιν
1035 1133 1178 1222 ἔπαθες,

310 1263 473 1359 Πατρίδος·

234 1457 298 1534 sed
323 1455 513 1561 aliqnando
539 1471 658 1532 tamen
675 1457 896 1557 persuasisti,
921 1469 962 1529 ut
980 1454 1129 1529 alterum
1147 1481 1245 1528 eom-

233 1584 419 1688 plecterer,
445 1586 526 1688 quia
553 1585 598 1658 de
622 1610 680 1657 me
706 1596 783 1657 erat
808 1584 943 1686 optime
960 1583 1105 1657 meritus
1125 1599 1174 1685 ¹²3
1198 1581 1245 1656 al·

207 1688 371 1811 terum,
397 1713 478 1814 quia
505 1725 643 1786 tantum
670 1711 820 1786 valebat.
854 1712 939 1785 Feci
965 1712 1088 1812 igitur,
1125 1711 1245 1812 itaque

232 1837 333 1912 effeci
350 1841 448 1913 omni
465 1839 637 1942 obsequio
648 1840 696 1939 ¹³,
713 1852 755 1912 ut
771 1839 889 1912 neutri
900 1837 1041 1912 illorum
1059 1838 1244 1939 quisquam

233 1978 325 2039 esset
349 1993 406 2038 me
433 1967 556 2040 carior.
587 1967 685 2039 Haec
712 1965 806 2038 enim
830 1964 861 2032 14
887 1963 1145 2064 cogitabamus:
1177 1988 1246 2035 nee

230 2091 335 2192 mihi,
362 2093 552 2166 coniuncto
579 2119 661 2166 cum
685 2093 878 2192 Pompeio,
903 2092 978 2167 fore
1002 2117 1146 2165 neeesse
1163 2115 1244 2189 pee-

230 2243 310 2291 care
336 2220 375 2292 in
400 2212 607 2320 republica
631 2223 661 2271 ¹⁵
689 2219 900 2322 aliquando,
932 2245 1000 2292 nee
1012 2275 1023 2318 ,
1049 2244 1131 2292 eum
1156 2218 1245 2290 Cae-

156 2451 159 2457 ,
230 2369 307 2417 sare
333 2347 517 2446 sentienti,
542 2347 775 2448 pugnandum
800 2373 875 2421 esse
901 2373 984 2420 eum
1007 2348 1182 2446 Pompeio
1198 2345 1245 2406 ¹⁶1

231 2476 332 2544 tanta
358 2486 434 2546 erat
458 2472 599 2548 illorum
626 2473 961 2549 coniuncti0.'Nune
981 2473 1181 2575 impendet,
1205 2486 1245 2545 ut

229 2610 266 2670 et
293 2611 331 2671 tu
358 2598 538 2700 ostendis,
572 2614 608 2674 et
640 2627 705 2700 ego
731 2600 862 2699 viden,
891 2627 1026 2674 summa
1059 2603 1153 2675 inter
1184 2627 1244 2674 eos

230 2727 422 2798 eontentio.
449 2728 508 2799 Me
535 2741 654 2800 autem
680 2742 827 2830 uterque
852 2743 1015 2802 numerat
1032 2756 1152 2829 suum,
1177 2730 1244 2801 nisi

235 2849 325 2923 forte
353 2851 494 2924 simulat
520 2852 616 2928 alten
653 2855 744 2929 Nam
778 2857 970 2956 Pompeius
1004 2881 1079 2929 non
1106 2856 1246 2930 dubitat

232 2983 340 3064 (vere
367 2979 462 3050 enim
487 2979 656 3080 iudicat),
682 3008 741 3081 ea,
766 3009 856 3084 quae
875 2983 918 3055 de
934 3009 972 3056 re
988 2983 1131 3084 publica
1149 3009 1244 3056 nunc

229 3103 375 3203 sentiat,
400 3104 488 3176 mihi
514 3104 618 3179 valde
644 3107 797 3208 probari.
823 3110 1019 3212 Utriusque
1044 3125 1164 3183 autem
1190 3137 1245 3183 ae·

230 3229 311 3329 cepi
337 3231 512 3304 eiusmodi
536 3231 654 3307 literas
681 3235 807 3309 eodem
833 3250 1016 3339 tempore,
1045 3263 1127 3340 quo·
1143 3251 1244 3338 tuas,

228 3369 270 3428 ut
294 3371 419 3432 neuter
446 3386 659 3463 quemquam
677 3364 835 3437 omnium
853 3363 964 3465 pluris
980 3365 1112 3464 facere,
1138 3391 1245 3467 quam

228 3509 302 3583 me,
327 3485 519 3560 videretur.
536 3488 673 3563 Verum
690 3491 776 3592 quid
793 3491 917 3590 agam?
941 3518 1016 3566 non
1034 3518 1166 3594 quaero
1184 3491 1245 3566 illa

227 3608 348 3685 ultima
367 3631 395 3680 ¹7
422 3616 470 3706 (si
498 3619 592 3688 enim
619 3618 742 3690 castris
767 3646 823 3692 res
850 3635 1004 3718 geretur,
1029 3620 1136 3693 video
1162 3646 1244 3692 eum

228 3734 337 3811 altero
364 3741 460 3814 vinci
485 3743 596 3815 satius
622 3769 715 3844 esse,
742 3772 847 3847 quam
874 3773 954 3820 cum
981 3747 1092 3821 aitero
1112 3748 1143 3799 ¹⁸
1168 3748 1244 3820 vin·

228 3875 344 3962 cere),
371 3867 434 3943 sed
459 3868 537 3967 illa,
565 3896 654 3970 quae
679 3886 756 3947 tum
776 3889 937 3975 agentur,
963 3901 1073 3977 quum
1095 3899 1243 3955 venero:
