2626 4854
439 351 477 399 ru
502 347 691 398 errsrocss
995 333 1066 431 287

104 452 267 514 studiosum
288 453 362 524 mei,
394 453 507 534 quippe
532 453 584 532 qui
606 449 700 511 libros
722 451 881 533 augurales
902 473 972 514 suos
992 453 1069 516 milri

105 560 231 636 dicarit;
252 581 299 642 ep.
321 559 491 632 CCXLIX,
513 559 540 619 3.
564 557 686 620 Garrod.

64 689 82 749 7
104 667 185 727 Bene
207 667 363 727 Ernestius
385 668 501 748 primus
522 664 639 726 addidit
661 677 695 726 te.
717 664 792 726 Eius
813 667 985 728 coniectura
999 686 1071 729 con-

104 774 245 836 firmatur
266 773 385 833 duobus
406 771 516 834 Amhh.
537 782 567 834 el
588 773 658 834 Res.
1071 852 1076 860 k

61 882 83 944 8
104 885 199 960 Quasi
222 893 288 941 acta
309 883 373 941 cius
405 882 436 940 in
468 882 626 963 provincia
646 901 800 942 successor
820 879 1019 955 rescidissecn,
1039 892 1070 943 et

103 991 146 1048 sic
166 991 194 1048 ei
216 1009 265 1048 me
285 1007 395 1070 parum
410 1007 541 1068 aequum
564 999 594 1049 et
614 984 791 1049 benivolum
808 987 1068 1051 demonstrassem.

102 1095 131 1155 J.
153 1095 192 1155 F.
215 1093 343 1155 Gronov.

59 1225 81 1284 9
101 1192 217 1283 Tetigit
229 1200 309 1261 hanc
322 1221 385 1263 rem
399 1222 468 1284 epp.
482 1200 642 1274 CCXXII,
660 1223 670 1261 1
689 1212 758 1264 aute
773 1199 842 1275 lin,
863 1212 894 1263 et
908 1201 1026 1274 00111,
1048 1223 1065 1262 2

102 1308 181 1369 med.
202 1309 274 1368 Mox
296 1308 357 1369 ch.
377 1307 402 1368 Β
423 1308 478 1370 Ec
497 1329 556 1391 quo
576 1307 699 1392 quidam
718 1331 741 1370 s.
760 1321 830 1371 suut
839 1307 980 1390 fortusse.

63 1436 99 1476 ro
121 1416 184 1494 Qui
205 1417 339 1498 Appium
361 1436 447 1477 rcum
468 1415 601 1491 fecerat3
621 1437 668 1499 ep.
691 1415 847 1487 CCXLll,
872 1438 895 1477 1.

62 1543 93 1582 rr
120 1522 256 1605 Respicit
269 1522 369 1584 locum
384 1524 528 1606 epistolae
543 1523 635 1584 Caelii
652 1522 806 1597 CCXLII,
827 1524 862 1597 3,
882 1542 975 1605 quem
988 1523 1066 1587 vide.

97 1627 243 1691 Nostmm
261 1631 409 1703 ammorii,
437 1631 610 1712 intelligunt
630 1629 794 1693 Curionem
815 1650 852 1692 ex
872 1628 974 1692 verbis
1002 1633 1067 1712 epi·

98 1735 195 1797 stolae
215 1735 371 1809 CCXLH,
391 1739 426 1799 3:
449 1736 571 1800 Curioni
590 1750 688 1800 nostro
710 1737 874 1805 mtuuaru
892 1737 1065 1817 conglaciac

60 1863 97 1903 12
119 1841 261 1917 Scilicet,
282 1843 366 1926 quod
386 1855 440 1905 tua
460 1865 555 1906 manu
569 1846 734 1928 scripsisti,
754 1865 850 1926 quum
865 1845 896 1905 iu
908 1845 1066 1927 superiore

99 1950 221 2032 pagella
237 1951 363 2011 alterius
384 1972 476 2013 manu
497 1972 569 2013 usus
590 1953 637 2014 sis.
652 1952 786 2035 Respicit
809 1962 911 2012 autem
925 1949 1066 2012 eumdem

98 2056 201 2116 locum
222 2078 270 2139 ep.
291 2057 444 2132 CCXLH,
476 2059 494 2119 3
519 2058 557 2120 de
578 2058 723 2120 Curione.
753 2057 835 2119 infru
862 2057 934 2119 Zell.
955 2061 1001 2130 A,
1021 2057 1066 2131 B,

96 2163 170 2222 Rec.
191 2184 251 2224 non
268 2163 423 2246 defendit,
456 2176 487 2227 et
507 2165 632 2227 inferius
652 2165 723 2227 Rec.
742 2166 797 2248 qui
816 2165 870 2225 loc
888 2189 920 2245 p.

58 2271 95 2330 13
119 2269 203 2330 Haec
222 2273 328 2332 omniu
346 2272 416 2333 vide
436 2273 468 2332 in
481 2292 529 2355 ep.
543 2271 683 2345 CCLVls
704 2273 737 2344 3·
757 2282 788 2333 et
807 2273 839 2332 in
859 2271 924 2333 aliis
945 2269 984 2331 ud
1004 2271 1066 2332 Ars

95 2377 169 2437 Rec.
190 2377 269 2438 Mihi
284 2390 350 2439 erat
367 2379 398 2440 iu
415 2380 516 2441 ocioso
529 2413 569 2427 -
581 2379 710 2441 οἰνὶιαεοε
731 2379 929 2459 locupletam,
955 2379 986 2438 in
1002 2399 1064 2459 pu-

94 2482 221 2544 blicanis
244 2485 333 2546 etiam
356 2486 554 2569 superioribus
568 2487 667 2547 lustris
683 2487 801 2569 reliqua
816 2520 854 2533 -
864 2498 1065 2546 comessorum

94 2590 127 2650 in
144 2591 267 2670 privatis
285 2613 309 2652 s.
329 2594 348 2652 t
359 2592 390 2674 f.
403 2593 581 2676 lpmficisci
592 2594 623 2654 ic
643 2591 775 2655 Ciliciam
787 2593 884 2654 statui.
897 2590 1066 2671 vulgatum

94 2698 252 2759 constituit
273 2699 315 2759 lo.
335 2698 444 2760 Petrus
465 2699 610 2772 Crassus,
630 2711 665 2760 ut
684 2707 810 2762 testatur
829 2697 918 2758 Bern.
932 2695 1064 2756 Rutilius

93 2804 129 2862 in
147 2804 261 2864 Decur.

55 2911 95 2989 14
116 2911 194 2971 Erat
213 2912 295 2972 enim
317 2912 502 2996 praesidium
523 2912 773 2996 relinquendum,
800 2912 825 2972 si
854 2909 930 2992 quid
958 2904 1065 2969 Parthi
1097 2925 1099 2932 ’

94 3029 296 3094 conarentur,
317 3040 365 3101 ep.
388 3020 513 3092 00111,
538 3042 582 3082 11.
604 3021 721 3082 Manat.
736 3020 887 3099 Antiquus
907 3013 985 3077 liber
1006 3013 1067 3077 Vr-

97 3126 156 3185 sini
177 3125 355 3209 militemque
377 3127 407 3186 r'n
427 3147 464 3187 ca
483 3128 682 3189 collocassem.
695 3129 776 3188 Tum
792 3123 903 3192 schulz
922 3133 953 3184 ut
976 3142 1067 3204 quum

94 3265 139 3283 ...
154 3231 348 3308 decederem,
375 3235 459 3315 quod
487 3247 517 3297 et
545 3237 617 3298 Rec.
644 3236 744 3313 habet.
773 3236 828 3299 En
846 3248 968 3296 serulus
993 3253 1066 3293 con-

91 3339 190 3412 sulto,
211 3361 259 3423 ep.
280 3340 450 3414 CCLXIX,
473 3362 507 3402 2:
531 3342 642 3425 Quoad
659 3345 731 3405 milri
747 3364 882 3426 processe
899 3326 1066 3424 provinciae

90 3467 153 3530 per
173 3446 287 3508 SCtum
310 3448 417 3508 liceret.
439 3449 500 3509 Neo
522 3448 642 3512 dubitat
663 3452 832 3523 Manutius,
853 3451 926 3531 quin
947 3454 1066 3507 senatus

91 3551 127 3612 id
146 3552 318 3615 decreverit
337 3553 379 3614 M.
400 3554 546 3616 Marcello
567 3556 689 3617 consule
710 3555 873 3628 referente,
900 3554 940 3615 ad
971 3569 1064 3632 quem

89 3658 171 3721 haec
192 3662 313 3742 scripsit
333 3681 381 3743 ep.
403 3661 561 3734 ccxvii,
587 3684 616 3723 r:
638 3660 770 3746 Nequid
788 3659 912 3726 accedat
926 3655 1064 3740 corporis

90 3765 138 3828 ad
155 3765 203 3842 id,
223 3765 305 3850 quod
325 3780 357 3829 tu
376 3767 447 3829 milri
466 3780 496 3828 ct
514 3768 594 3831 Scio
615 3783 644 3832 ct
665 3772 725 3852 tege
735 3770 843 3852 fimiti.
