2626 4854
153 328 225 400 232
495 348 665 397 mussona
692 349 810 396 ccxcv.
935 344 1068 395 nuc.
1089 345 1135 408 ,οδ

204 481 225 526 2
252 450 463 550 Pompeium
498 451 572 523 vidi
606 452 676 522 1111
701 449 752 521 Id.
779 446 1009 522 Decembres:
1035 449 1156 522 suimus

151 605 222 651 una
239 578 345 651 horas
364 578 450 649 duas
467 576 612 649 fortasse
624 577 649 647 l.
668 577 795 674 Magna
813 575 944 648 laetitia
961 575 1051 648 mihi
1068 578 1156 650 visus

151 720 205 778 est
231 705 322 776 affici
347 731 427 777 meo
453 704 632 802 adventu,
658 703 701 775 de
723 701 908 801 triumpho
935 702 1088 802 hortari,
1105 732 1156 777 su-

151 833 286 932 scipere
311 846 429 932 partes
441 808 526 903 ¹suas
539 830 572 929 ⁵5
598 855 757 928 monere,
781 856 827 902 ne
845 843 926 901 ante
943 831 982 901 in
999 846 1155 903 senatum

152 959 374 1056 accederem,
399 985 506 1059 quam
529 983 604 1029 rem
630 956 858 1030 confecissem
875 959 910 1056 ⁶,
935 982 981 1028 ne
1002 956 1155 1031 dicendis

152 1087 332 1157 sententiis
359 1084 510 1185 aliquem
529 1083 710 1157 tribunum
728 1083 925 1157 alienarem.
941 1081 1043 1175 Quid
1060 1111 1156 1185 quae-

152 1211 220 1285 risl
254 1213 290 1283 in
322 1210 393 1284 hoc
427 1211 544 1284 officio
572 1230 585 1276 7
613 1212 783 1284 sermonis
815 1209 902 1281 nihil
934 1210 1056 1309 potuit
1088 1237 1156 1283 csse

152 1337 330 1438 prolixius.
348 1339 401 1413 De
427 1365 466 1409 re
492 1336 634 1436 publica
654 1351 772 1409 autem
789 1338 838 1409 ita
856 1363 996 1409 mecum
1021 1336 1156 1410 locutus

54 1452 55 1456 ¹
153 1479 228 1564 est,
267 1465 365 1566 quasi
390 1490 464 1537 non
491 1463 638 1536 dubium
663 1463 796 1536 bellum
821 1463 1041 1536 haberemus.
1066 1462 1156 1535 Nihil

152 1589 203 1663 ad
224 1616 324 1688 spem
350 1589 576 1687 concordiae,
602 1588 707 1690 plane
733 1587 833 1660 illum
859 1590 875 1638 ⁸
901 1588 946 1660 ab
971 1615 1010 1662 se
1037 1588 1157 1661 aliena·

153 1730 246 1814 tum,
272 1743 380 1816 quum
407 1729 488 1788 aitte
514 1715 741 1814 intelligeret,
772 1728 846 1787 tum
879 1740 965 1789 vero
999 1716 1156 1815 proxime

151 1842 342 1915 iudicasse:
368 1844 505 1915 venisse
531 1860 547 1908 9
572 1844 725 1916 Hirtium
753 1869 773 1914 a
799 1843 1054 1943 Caesare,.qui
1071 1856 1157 1915 esset

150 1968 202 2040 illi
226 1969 529 2066 familiarissimus,
557 1968 604 2041 ad
625 1995 661 2041 se
679 1994 752 2042 non
769 1971 972 2068 accessisse,
998 1981 1035 2040 et
1052 1997 1155 2069 quum

151 2093 210 2167 ille
229 2121 259 2166 a.
278 2093 311 2165 d.
329 2095 418 2168 VIII
434 2095 518 2167 Idus
535 2084 704 2168 Decembss
728 2096 866 2196 vesperi
892 2096 1064 2194 venisset,
1080 2095 1155 2168 Bal·

150 2218 218 2292 bus
245 2219 289 2292 de
315 2234 390 2294 tota
416 2247 453 2294 rc
481 2237 510 2271 ¹⁰
538 2223 777 2295 constituisset
802 2248 831 2295 a.
858 2221 1153 2298 d.V11adsci-

152 2346 298 2445 pionem
324 2360 405 2420 ante
430 2346 547 2422 lucem
572 2349 709 2448 venire,
742 2348 852 2421 multa
878 2348 922 2420 de
947 2362 1055 2422 nocte
1081 2375 1152 2422 eum

151 2474 350 2572 profectum
376 2502 451 2547 esse
478 2475 523 2547 ad
549 2477 743 2549 Caesarem.
779 2477 858 2548 Hoc
882 2475 934 2546 illi
959 2479 1151 2570 reuonpzo'rle

150 2600 337 2675 videbatur
362 2627 437 2674 esse
463 2601 691 2674 alienationis.
711 2602 807 2694 Quid
832 2602 964 2674 multa'l
990 2602 1088 2676 Nihil
1105 2629 1151 2674 mc

151 2725 246 2799 aliud
265 2727 485 2827 consolatur,
511 2730 578 2802 nisi
597 2729 693 2831 quod
711 2727 808 2800 illum
829 2746 875 2828 ¹¹,
901 2731 957 2800 cui
976 2732 1084 2802 etiam
1100 2731 1152 2801 ini·

150 2855 233 2924 mici
260 2854 407 2927 alterum
434 2855 655 2928 consulatum
679 2872 726 2954 ¹²,
750 2856 890 2928 fortuna
907 2883 1082 2927 summam
1100 2879 1151 2956 po·

150 2980 297 3050 tentiam
324 2981 486 3080 dederat,
512 3008 584 3054 non
611 2982 761 3055 arbitror
785 2981 859 3054 fore
876 2996 950 3053 tam
969 2996 1149 3078 amentem,

149 3119 190 3175 ut
215 3105 302 3178 haec
327 3109 364 3178 in
392 3109 577 3181 discrimen
604 3109 767 3181 adducat.
788 3108 897 3200 Quod
914 3111 943 3180 si
959 3099 1063 3182 ruere
1081 3135 1148 3181 coe·

150 3233 242 3329 perit
253 3259 263 3328 5
290 3259 355 3305 nae
373 3261 437 3332 ego
456 3235 566 3309 multa
593 3239 718 3334 timeo,
745 3263 833 3338 quae
850 3260 924 3308 non
941 3235 1059 3308 ¹audeo
1077 3235 1147 3307 scri·

148 3355 242 3429 bere.
267 3348 358 3460 Sed,
382 3376 423 3433 ut
448 3389 542 3436 nunc
568 3378 638 3464 cst,
652 3376 691 3437 a.
712 3363 744 3436 d.
764 3365 817 3436 ΙΙΙ
834 3363 955 3439 Nonas
980 3361 1145 3436 lanuarias

150 3483 195 3558 ad
222 3485 346 3561 urbem
372 3490 499 3587 cogito
