2626 4854
511 354 548 401 ut
574 350 764 400 nrrsronss
1074 327 1146 404 265

174 449 341 524 beneficio,
360 450 468 534 populi
483 456 628 534 gratiam,
649 453 780 534 indeque
793 451 930 513 curulem
944 448 1148 526 aedilitatem,

173 557 319 618 libertino
340 571 427 641 patre
447 570 552 633 natus,
572 560 721 635 obtinuit3
751 570 826 620 orat.
847 581 905 642 pro
919 560 1065 632 Murena,
1094 580 1148 636 1¹3

172 667 240 728 Liv.
261 665 312 727 lib.
322 667 377 740 IX,
390 666 445 745 46;
469 667 545 729 Plin.
560 670 713 740 XXXIII,
725 666 761 744 63
775 667 892 729 Gellius
906 667 951 729 VI
960 711 971 741 ,
982 689 1011 750 9.
1025 667 1145 728 Manut.

137 775 174 857 39
193 773 376 847 Fastorum,
397 797 475 856 quae
495 798 577 836 nunc
600 774 722 857 publice
742 777 900 858 proposita
913 785 974 846 est,
994 786 1029 835 ut
1040 793 1145 850 omnes

172 881 237 941 dies
259 885 414 942 actionum
436 885 511 943 scire
532 886 658 965 possint.
679 883 795 944 Ernest.

136 988 172 1065 4ο
194 991 337 1049 Actiones
359 989 409 1050 hic
430 1002 500 1051 sunt
520 990 687 1063 formulae,
708 1012 761 1052 seu
783 992 914 1051 rationes
928 990 1034 1072 agendi
1050 991 1082 1049 in
1097 990 1146 1048 iu-

171 1095 270 1168 dicio,
293 1095 405 1177 quibus
427 1098 539 1158 seilicet
560 1109 645 1158 actor
665 1101 762 1158 utitur
776 1100 805 1157 in
822 1096 1003 1158 intendenda
1017 1117 1071 1158 reo
1085 1096 1145 1157 lite.

172 1203 239 1264 Hae
251 1204 434 1286 petebantur
443 1205 652 1287 plerumquea
665 1206 752 1266 ICtis.
762 1205 822 1266 Nos
834 1226 884 1266 cas
895 1207 926 1264 in
939 1204 1051 1264 Codice
1063 1224 1145 1264 com·

170 1311 286 1392 positas
309 1310 474 1383 habemus,
495 1334 585 1393 quem
610 1312 719 1373 Codice
740 1311 774 1373 di
789 1311 959 1394 procedure
979 1312 1076 1384 civile,
1096 1310 1145 1372 vel

172 1418 383 1496 Regulumento
404 1417 455 1479 cIeI
470 1439 608 1500 processo
628 1421 709 1479 civile
730 1419 867 1480 dicimus.

137 1525 166 1602 4ι
192 1525 261 1585 Hoc
276 1534 338 1597 est,
359 1527 531 1607 simpliciter
551 1528 623 1607 (LII
635 1572 646 1600 ,
672 1530 728 1605 ι),
749 1531 815 1587 sine
828 1536 966 1608 respectu
980 1526 1019 1585 ad
1031 1536 1144 1586 certam

171 1653 344 1713 personam.
375 1633 500 1691 Dixerat
527 1632 628 1693 forsan
650 1633 758 1692 Cicero
779 1635 811 1692 in
831 1631 918 1691 libris
938 1630 976 1691 de
998 1632 1041 1706 Re
1059 1631 1144 1713 publ.

170 1739 290 1819 aliquid
311 1739 349 1798 de
371 1739 545 1800 oratoribus
566 1739 727 1800 histriones
750 1739 938 1800 imitantibus
966 1740 999 1798 in
1019 1759 1144 1819 genere,

161 1845 256 1933 kquod
277 1856 380 1905 tamen
402 1849 516 1906 Atticus
538 1847 657 1907 videtur
692 1846 730 1906 de
756 1845 921 1906 Hortensio
948 1846 1145 1928 peculiariter

169 1973 188 2011 a
209 1952 358 2012 Cicerone
380 1952 491 2013 dietum
514 1956 645 2035 cepisse,
666 1955 752 2014 cuius
771 1964 872 2013 motus
893 1963 923 2012 et
946 1961 1048 2033 gestus
1072 1950 1143 2033 plus

169 2062 243 2119 artis
265 2058 414 2132 habebat,
436 2081 527 2141 quam
549 2073 615 2121 erut
635 2064 750 2121 oratori
772 2064 860 2136 satis;
881 2062 913 2120 in
933 2060 1029 2121 Bruto
1050 2082 1075 2122 c.
1090 2059 1146 2130 88,

169 2167 247 2226 Gell.
271 2169 308 2237 I,
328 2167 363 2240 ὅς
386 2168 512 2244 Quintil.
535 2168 595 2240 IV,
616 2190 642 2227 e.
664 2167 700 2241 5,
721 2169 769 2246 24.

134 2273 172 2348 4⁹.
196 2272 280 2354 Epp.
303 2272 491 2333 CCXXVIII
513 2284 543 2334 et
571 2274 664 2346 CCL,
694 2276 725 2334 iu
747 2274 858 2356 quibus
879 2277 968 2336 etiam
990 2275 1029 2336 de
1056 2276 1146 2355 impe·

168 2391 276 2439 ratore.
300 2380 384 2438 Tum
404 2379 442 2439 de
466 2382 600 2441 omnihus
619 2383 720 2455 rebus,
742 2385 774 2442 in
795 2404 841 2465 ep.
855 2382 968 2455 CCVI,
988 2401 1018 2442 a.
1030 2383 1064 2441 Iu
1077 2403 1143 2464 sup.

167 2485 311 2548 membro
326 2529 336 2558 ,
353 2485 421 2546 edd.
443 2508 488 2569 pr.
510 2489 682 2568 eognoobse.

132 2593 167 2669 43
188 2592 270 2676 Epp.
293 2593 420 2652 CCXIX
440 2605 469 2654 et
489 2595 623 2655 CCXXI.

132 2699 169 2777 44
189 2699 231 2760 Ut
253 2699 359 2760 TuIIIa
380 2698 475 2761 nubat
488 2704 634 2783 equestris
649 2701 763 2763 ordinis
778 2705 866 2776 viro,
887 2706 964 2765 sicut
978 2714 1047 2764 aute
1061 2703 1142 2764 feeit.

167 2805 294 2890 Papum.

132 2912 169 2991 45
188 2914 258 2976 Ηοο
279 2926 344 2989 est,
357 2918 397 2976 'in
418 2917 554 2980 ordinem
576 2931 766 3002 equestrem,
787 2930 817 2980 et
837 2918 932 2979 filiam
954 2919 1049 3001 equiti
1063 2937 1141 2978 rom.

166 3021 306 3084 locasses.
327 3023 444 3084 Ernest.
467 3029 561 3086 Antea
582 3031 663 3087 enim
683 3027 802 3088 duobus
824 3028 959 3110 patriciis
980 3026 1084 3086 Pisoni
1110 3037 1141 3084 ct

170 3129 344 3212 Crassipedi
360 3143 456 3213 nupta
468 3144 546 3208 erat3
568 3155 636 3216 epp.
651 3135 725 3197 VIII
740 3144 827 3207 extu,
840 3134 913 3205 CII,
932 3133 952 3210 4
966 3144 997 3194 et
1010 3132 1095 3203 CIII,
1119 3153 1142 3190 1.

168 3237 268 3297 Attico
294 3247 399 3297 tamen
426 3237 507 3299 dicto
528 3240 652 3301 audiens
672 3262 735 3301 non
755 3241 814 3301 fuit
835 3241 959 3311 Cicero,
986 3239 1142 3319 filiamque

168 3363 253 3405 suam
279 3346 411 3427 patricio
439 3347 541 3407 iuveni
560 3347 737 3408 Dolabellae
758 3351 848 3409 tertio
869 3346 1039 3429 despondit.
1060 3345 1141 3404 Eum

167 3472 229 3512 non
249 3452 352 3512 multo
373 3463 444 3532 post
462 3456 614 3535 poenituit
635 3457 749 3516 consilli
765 3458 820 3515 sui.
835 3455 972 3536 Epistola
987 3453 1142 3515 Memmia-

167 3579 222 3631 na,
243 3559 343 3630 idest,
365 3581 443 3640 quae
464 3572 530 3621 erat
550 3559 588 3623 de
607 3563 776 3634 Memmio,
798 3563 918 3622 Tulliae
938 3581 1043 3644 proco.
1067 3559 1141 3619 Cor-

165 3680 265 3740 meta,
294 3667 428 3738 scilicet,
454 3689 489 3728 eo
510 3690 613 3730 errore
634 3673 737 3751 agnito
759 3681 790 3730 et
812 3680 958 3729 correcto

132 3763 165 3838 III
186 3773 311 3854 Corrigi
333 3772 412 3833 nihil
439 3795 515 3856 opus
543 3789 621 3849 erat,
655 3779 757 3858 inquit
784 3778 906 3850 Cicer03
941 3794 1011 3834 nam
1038 3772 1141 3845 hune,

164 3902 259 3963 quem
282 3880 430 3942 Pontidia
451 3887 625 3965 proposuit,
647 3905 793 3965 generum
814 3882 912 3954 male,
933 3901 1027 3963 quum
1043 3879 1141 3942 Servii

1202 2224 1209 2255 I
