<?xml version="1.0" encoding="UTF-8"?>
<!DOCTYPE html PUBLIC "-//W3C//DTD XHTML 1.0 Transitional//EN"
    "http://www.w3.org/TR/xhtml1/DTD/xhtml1-transitional.dtd">
<html xmlns="http://www.w3.org/1999/xhtml" xml:lang="en" lang="en">
 <head>
  <title>
</title>
<meta http-equiv="Content-Type" content="text/html;charset=utf-8" />
  <meta name='ocr-system' content='tesseract 3.04.00' />
  <meta name='ocr-capabilities' content='ocr_page ocr_carea ocr_par ocr_line ocrx_word'/>
</head>
<body>
  <div class='ocr_page' id='page_1' title='image "./mtulliiciceroni59cicegoog/mtulliiciceroni59cicegoog_0209.png"; bbox 0 0 2626 4854; ppageno 0'>
   <div class='ocr_carea' id='block_1_1' title="bbox 151 324 1126 417">
    <p class='ocr_par' dir='ltr' id='par_1_1' title="bbox 151 324 1126 417">
     <span class='ocr_line' id='line_1_1' title="bbox 151 324 1126 417; baseline -0.002 -21"><span class='ocrx_word' id='word_1_1' title='bbox 151 324 222 417; x_wconf 68' lang='lat' dir='ltr'><strong>aod</strong></span> <span class='ocrx_word' id='word_1_2' title='bbox 498 346 670 394; x_wconf 76' lang='lat' dir='ltr'><strong>astaroca</strong></span> <span class='ocrx_word' id='word_1_3' title='bbox 696 348 804 394; x_wconf 77' lang='lat' dir='ltr'><strong>ccxci.</strong></span> <span class='ocrx_word' id='word_1_4' title='bbox 933 342 965 391; x_wconf 79' lang='grc' dir='ltr'><strong>Α.</strong></span> <span class='ocrx_word' id='word_1_5' title='bbox 983 346 1019 393; x_wconf 83' lang='lat' dir='ltr'><strong>v.</strong></span> <span class='ocrx_word' id='word_1_6' title='bbox 1035 346 1066 392; x_wconf 91' lang='lat' dir='ltr'><strong>c.</strong></span> <span class='ocrx_word' id='word_1_7' title='bbox 1083 346 1126 407; x_wconf 75' lang='lat'><strong>⁷⁰³</strong></span> 
     </span>
    </p>
   </div>
   <div class='ocr_carea' id='block_1_2' title="bbox 286 572 1006 641">
    <p class='ocr_par' dir='ltr' id='par_1_2' title="bbox 286 572 1006 641">
     <span class='ocr_line' id='line_1_2' title="bbox 286 572 1006 641; baseline -0.001 -15"><span class='ocrx_word' id='word_1_8' title='bbox 286 575 340 628; x_wconf 82' lang='lat' dir='ltr'><strong>Ser.</strong></span> <span class='ocrx_word' id='word_1_9' title='bbox 360 573 485 641; x_wconf 73' lang='lat' dir='ltr'><strong>Corcyrae</strong></span> <span class='ocrx_word' id='word_1_10' title='bbox 504 575 532 624; x_wconf 80' lang='lat' dir='ltr'><strong>A.</strong></span> <span class='ocrx_word' id='word_1_11' title='bbox 552 573 584 625; x_wconf 86' lang='lat' dir='ltr'><strong>V.</strong></span> <span class='ocrx_word' id='word_1_12' title='bbox 603 574 632 626; x_wconf 89' lang='grc'><strong>0.</strong></span> <span class='ocrx_word' id='word_1_13' title='bbox 652 572 780 639; x_wconf 78' lang='grc'>000111,</span> <span class='ocrx_word' id='word_1_14' title='bbox 798 572 846 623; x_wconf 74' lang='lat' dir='ltr'><strong>XV</strong></span> <span class='ocrx_word' id='word_1_15' title='bbox 865 572 924 625; x_wconf 72' lang='lat' dir='ltr'><strong>nat.</strong></span> <span class='ocrx_word' id='word_1_16' title='bbox 944 574 1006 625; x_wconf 84' lang='lat' dir='ltr'><strong>Dec.</strong></span> 
     </span>
    </p>
   </div>
   <div class='ocr_carea' id='block_1_3' title="bbox 325 762 979 862">
    <p class='ocr_par' dir='ltr' id='par_1_3' title="bbox 325 762 979 862">
     <span class='ocr_line' id='line_1_3' title="bbox 325 762 979 862; baseline -0.002 -1"><span class='ocrx_word' id='word_1_17' title='bbox 325 796 368 861; x_wconf 84' lang='lat' dir='ltr'><strong>n.</strong></span> <span class='ocrx_word' id='word_1_18' title='bbox 394 798 430 861; x_wconf 88' lang='lat' dir='ltr'><strong>r.</strong></span> <span class='ocrx_word' id='word_1_19' title='bbox 455 795 599 861; x_wconf 84' lang='lat' dir='ltr'><strong>crcrao</strong></span> <span class='ocrx_word' id='word_1_20' title='bbox 626 804 637 840; x_wconf 83' lang='lat'>1</span> <span class='ocrx_word' id='word_1_21' title='bbox 663 794 801 862; x_wconf 80' lang='lat' dir='ltr'><strong>anon</strong></span> <span class='ocrx_word' id='word_1_22' title='bbox 825 796 855 861; x_wconf 90' lang='lat' dir='ltr'><strong>s.</strong></span> <span class='ocrx_word' id='word_1_23' title='bbox 881 796 915 859; x_wconf 85' lang='lat' dir='ltr'><strong>r.</strong></span> <span class='ocrx_word' id='word_1_24' title='bbox 939 762 979 860; x_wconf 81' lang='lat' dir='ltr'><strong>n.</strong></span> 
     </span>
    </p>
   </div>
   <div class='ocr_carea' id='block_1_4' title="bbox 149 1037 1148 2530">
    <p class='ocr_par' dir='ltr' id='par_1_4' title="bbox 149 1037 1148 2530">
     <span class='ocr_line' id='line_1_4' title="bbox 199 1037 1148 1140; baseline 0.002 -29"><span class='ocrx_word' id='word_1_25' title='bbox 199 1040 395 1140; x_wconf 82' lang='lat' dir='ltr'><strong>Septimum</strong></span> <span class='ocrx_word' id='word_1_26' title='bbox 411 1039 482 1113; x_wconf 89' lang='lat' dir='ltr'><strong>iam</strong></span> <span class='ocrx_word' id='word_1_27' title='bbox 500 1037 593 1115; x_wconf 89' lang='lat' dir='ltr'><strong>diem</strong></span> <span class='ocrx_word' id='word_1_28' title='bbox 609 1042 786 1140; x_wconf 85' lang='lat' dir='ltr'>Corcyrae</span> <span class='ocrx_word' id='word_1_29' title='bbox 804 1037 1013 1113; x_wconf 87' lang='lat' dir='ltr'><strong>tenebamur</strong></span> <span class='ocrx_word' id='word_1_30' title='bbox 1019 1066 1030 1139; x_wconf 82' lang='lat'>3</span> <span class='ocrx_word' id='word_1_31' title='bbox 1048 1040 1148 1132; x_wconf 87' lang='lat' dir='ltr'><strong>Quin·</strong></span> 
     </span>
     <span class='ocr_line' id='line_1_5' title="bbox 150 1164 1147 1266; baseline 0 -26"><span class='ocrx_word' id='word_1_32' title='bbox 150 1177 239 1240; x_wconf 86' lang='lat' dir='ltr'><strong>tus²</strong></span> <span class='ocrx_word' id='word_1_33' title='bbox 265 1179 382 1239; x_wconf 84' lang='lat' dir='ltr'><strong>autem</strong></span> <span class='ocrx_word' id='word_1_34' title='bbox 407 1181 508 1266; x_wconf 86' lang='lat' dir='ltr'><strong>pater</strong></span> <span class='ocrx_word' id='word_1_35' title='bbox 533 1182 569 1240; x_wconf 87' lang='lat' dir='ltr'><strong>et</strong></span> <span class='ocrx_word' id='word_1_36' title='bbox 593 1166 684 1240; x_wconf 89' lang='lat' dir='ltr'><strong>filius</strong></span> <span class='ocrx_word' id='word_1_37' title='bbox 708 1165 884 1241; x_wconf 80' lang='lat' dir='ltr'><strong>Buthroti.</strong></span> <span class='ocrx_word' id='word_1_38' title='bbox 918 1164 1056 1239; x_wconf 88' lang='lat' dir='ltr'><strong>Soliciti</strong></span> <span class='ocrx_word' id='word_1_39' title='bbox 1080 1192 1147 1240; x_wconf 88' lang='lat' dir='ltr'><strong>era·</strong></span> 
     </span>
     <span class='ocr_line' id='line_1_6' title="bbox 149 1274 1147 1389; baseline 0.002 -25"><span class='ocrx_word' id='word_1_40' title='bbox 149 1317 227 1364; x_wconf 91' lang='lat' dir='ltr'><strong>mus</strong></span> <span class='ocrx_word' id='word_1_41' title='bbox 253 1292 297 1365; x_wconf 92' lang='lat' dir='ltr'><strong>de</strong></span> <span class='ocrx_word' id='word_1_42' title='bbox 323 1306 383 1366; x_wconf 89' lang='lat' dir='ltr'><strong>tua</strong></span> <span class='ocrx_word' id='word_1_43' title='bbox 409 1292 601 1367; x_wconf 88' lang='lat' dir='ltr'><strong>valitudine</strong></span> <span class='ocrx_word' id='word_1_44' title='bbox 617 1295 745 1368; x_wconf 86' lang='lat' dir='ltr'><strong>mirum</strong></span> <span class='ocrx_word' id='word_1_45' title='bbox 762 1294 801 1365; x_wconf 91' lang='lat' dir='ltr'><strong>in</strong></span> <span class='ocrx_word' id='word_1_46' title='bbox 818 1274 982 1389; x_wconf 83' lang='lat' dir='ltr'><strong>modum3</strong></span> <span class='ocrx_word' id='word_1_47' title='bbox 1010 1319 1077 1366; x_wconf 91' lang='lat' dir='ltr'><strong>nec</strong></span> <span class='ocrx_word' id='word_1_48' title='bbox 1094 1296 1147 1366; x_wconf 91' lang='lat' dir='ltr'><strong>mi·</strong></span> 
     </span>
     <span class='ocr_line' id='line_1_7' title="bbox 149 1418 1145 1493; baseline 0.001 -2"><span class='ocrx_word' id='word_1_49' title='bbox 149 1418 313 1491; x_wconf 83' lang='lat' dir='ltr'><strong>rebamur</strong></span> <span class='ocrx_word' id='word_1_50' title='bbox 338 1419 424 1491; x_wconf 91' lang='lat' dir='ltr'><strong>nihil</strong></span> <span class='ocrx_word' id='word_1_51' title='bbox 461 1447 482 1492; x_wconf 94' lang='lat' dir='ltr'><strong>a</strong></span> <span class='ocrx_word' id='word_1_52' title='bbox 517 1434 553 1493; x_wconf 90' lang='lat' dir='ltr'><strong>te</strong></span> <span class='ocrx_word' id='word_1_53' title='bbox 584 1420 763 1493; x_wconf 86' lang='lat' dir='ltr'><strong>literarum</strong></span> <span class='ocrx_word' id='word_1_54' title='bbox 790 1421 814 1492; x_wconf 82' lang='lat'><strong>³.</strong></span> <span class='ocrx_word' id='word_1_55' title='bbox 845 1419 893 1493; x_wconf 88' lang='lat' dir='ltr'><strong>Iis</strong></span> <span class='ocrx_word' id='word_1_56' title='bbox 919 1420 1015 1492; x_wconf 89' lang='lat' dir='ltr'><strong>enim</strong></span> <span class='ocrx_word' id='word_1_57' title='bbox 1041 1421 1145 1493; x_wconf 83' lang='lat' dir='ltr'><strong>ventis</strong></span> 
     </span>
     <span class='ocr_line' id='line_1_8' title="bbox 149 1541 1145 1648; baseline 0.002 -33"><span class='ocrx_word' id='word_1_58' title='bbox 149 1541 253 1616; x_wconf 90' lang='lat' dir='ltr'><strong>istinc</strong></span> <span class='ocrx_word' id='word_1_59' title='bbox 269 1546 469 1645; x_wconf 75' lang='lat' dir='ltr'><strong>navigatur,</strong></span> <span class='ocrx_word' id='word_1_60' title='bbox 495 1548 552 1648; x_wconf 91' lang='lat' dir='ltr'><strong>qui</strong></span> <span class='ocrx_word' id='word_1_61' title='bbox 579 1547 606 1620; x_wconf 92' lang='lat' dir='ltr'><strong>si</strong></span> <span class='ocrx_word' id='word_1_62' title='bbox 624 1543 784 1643; x_wconf 71' lang='lat' dir='ltr'><strong>essenti,</strong></span> <span class='ocrx_word' id='word_1_63' title='bbox 801 1571 867 1619; x_wconf 92' lang='lat' dir='ltr'><strong>nos</strong></span> <span class='ocrx_word' id='word_1_64' title='bbox 885 1546 1066 1645; x_wconf 77' lang='lat' dir='ltr'><strong>Corcyrae</strong></span> <span class='ocrx_word' id='word_1_65' title='bbox 1083 1571 1145 1619; x_wconf 92' lang='lat' dir='ltr'><strong>non</strong></span> 
     </span>
     <span class='ocr_line' id='line_1_9' title="bbox 151 1670 1145 1775; baseline 0 -30"><span class='ocrx_word' id='word_1_66' title='bbox 151 1670 359 1746; x_wconf 81' lang='lat' dir='ltr'><strong>sederemus.</strong></span> <span class='ocrx_word' id='word_1_67' title='bbox 377 1673 469 1747; x_wconf 86' lang='lat' dir='ltr'><strong>Cura</strong></span> <span class='ocrx_word' id='word_1_68' title='bbox 494 1675 600 1773; x_wconf 83' lang='lat' dir='ltr'><strong>igitur</strong></span> <span class='ocrx_word' id='word_1_69' title='bbox 624 1687 677 1773; x_wconf 79' lang='lat' dir='ltr'><strong>te,</strong></span> <span class='ocrx_word' id='word_1_70' title='bbox 701 1686 737 1745; x_wconf 88' lang='lat' dir='ltr'><strong>et</strong></span> <span class='ocrx_word' id='word_1_71' title='bbox 763 1674 947 1745; x_wconf 86' lang='lat' dir='ltr'><strong>confirma:</strong></span> <span class='ocrx_word' id='word_1_72' title='bbox 973 1686 1030 1771; x_wconf 84' lang='lat' dir='ltr'><strong>et,</strong></span> <span class='ocrx_word' id='word_1_73' title='bbox 1048 1700 1145 1775; x_wconf 88' lang='lat' dir='ltr'><strong>quum</strong></span> 
     </span>
     <span class='ocr_line' id='line_1_10' title="bbox 155 1799 1143 1900; baseline 0 -29"><span class='ocrx_word' id='word_1_74' title='bbox 155 1799 339 1872; x_wconf 87' lang='lat' dir='ltr'><strong>commode</strong></span> <span class='ocrx_word' id='word_1_75' title='bbox 349 1856 359 1898; x_wconf 88' lang='lat'>,</span> <span class='ocrx_word' id='word_1_76' title='bbox 385 1813 421 1872; x_wconf 90' lang='lat' dir='ltr'><strong>et</strong></span> <span class='ocrx_word' id='word_1_77' title='bbox 437 1826 501 1900; x_wconf 87' lang='lat' dir='ltr'><strong>per</strong></span> <span class='ocrx_word' id='word_1_78' title='bbox 518 1801 763 1899; x_wconf 73' lang='lat' dir='ltr'><strong>valitudinem,</strong></span> <span class='ocrx_word' id='word_1_79' title='bbox 780 1813 817 1873; x_wconf 88' lang='lat' dir='ltr'><strong>et</strong></span> <span class='ocrx_word' id='word_1_80' title='bbox 832 1826 896 1899; x_wconf 91' lang='lat' dir='ltr'><strong>per</strong></span> <span class='ocrx_word' id='word_1_81' title='bbox 913 1801 997 1872; x_wconf 88' lang='lat' dir='ltr'><strong>anni</strong></span> <span class='ocrx_word' id='word_1_82' title='bbox 1015 1814 1143 1900; x_wconf 85' lang='lat' dir='ltr'><strong>tempus</strong></span> 
     </span>
     <span class='ocr_line' id='line_1_11' title="bbox 152 1917 1140 2026; baseline -0.003 -28"><span class='ocrx_word' id='word_1_83' title='bbox 152 1926 319 2024; x_wconf 85' lang='lat' dir='ltr'><strong>navigare</strong></span> <span class='ocrx_word' id='word_1_84' title='bbox 334 1927 487 2026; x_wconf 80' lang='lat' dir='ltr'><strong>poteris,</strong></span> <span class='ocrx_word' id='word_1_85' title='bbox 511 1928 557 2001; x_wconf 90' lang='lat' dir='ltr'><strong>ad</strong></span> <span class='ocrx_word' id='word_1_86' title='bbox 574 1953 657 2025; x_wconf 81' lang='lat' dir='ltr'><strong>nos,</strong></span> <span class='ocrx_word' id='word_1_87' title='bbox 674 1927 930 1999; x_wconf 86' lang='lat' dir='ltr'><strong>amantissimos</strong></span> <span class='ocrx_word' id='word_1_88' title='bbox 947 1927 1018 2025; x_wconf 78' lang='lat' dir='ltr'><strong>tui,</strong></span> <span class='ocrx_word' id='word_1_89' title='bbox 1035 1917 1140 1999; x_wconf 58' lang='lat' dir='ltr'><strong>venii¹</strong></span> 
     </span>
     <span class='ocr_line' id='line_1_12' title="bbox 150 2048 1139 2154; baseline -0.001 -31"><span class='ocrx_word' id='word_1_90' title='bbox 150 2048 355 2125; x_wconf 84' lang='lat' dir='ltr'><strong>Nemenos</strong></span> <span class='ocrx_word' id='word_1_91' title='bbox 382 2067 498 2150; x_wconf 82' lang='lat' dir='ltr'><strong>amat,</strong></span> <span class='ocrx_word' id='word_1_92' title='bbox 531 2052 591 2154; x_wconf 89' lang='lat' dir='ltr'><strong>qui</strong></span> <span class='ocrx_word' id='word_1_93' title='bbox 616 2067 651 2126; x_wconf 88' lang='lat' dir='ltr'><strong>te</strong></span> <span class='ocrx_word' id='word_1_94' title='bbox 676 2075 749 2126; x_wconf 93' lang='lat' dir='ltr'><strong>non</strong></span> <span class='ocrx_word' id='word_1_95' title='bbox 776 2051 904 2151; x_wconf 79' lang='lat' dir='ltr'><strong>diligar.</strong></span> <span class='ocrx_word' id='word_1_96' title='bbox 940 2052 1053 2131; x_wconf 85' lang='lat' dir='ltr'><strong>Carus</strong></span> <span class='ocrx_word' id='word_1_97' title='bbox 1078 2076 1139 2124; x_wconf 87' lang='lat' dir='ltr'><strong>om·</strong></span> 
     </span>
     <span class='ocr_line' id='line_1_13' title="bbox 150 2173 1137 2280; baseline 0 -32"><span class='ocrx_word' id='word_1_98' title='bbox 150 2173 265 2275; x_wconf 75' lang='lat' dir='ltr'><strong>nibus,</strong></span> <span class='ocrx_word' id='word_1_99' title='bbox 283 2192 572 2280; x_wconf 84' lang='lat' dir='ltr'><strong>exspectatusque</strong></span> <span class='ocrx_word' id='word_1_100' title='bbox 589 2180 716 2253; x_wconf 89' lang='lat' dir='ltr'><strong>venies.</strong></span> <span class='ocrx_word' id='word_1_101' title='bbox 734 2180 843 2277; x_wconf 84' lang='lat' dir='ltr'><strong>Cura,</strong></span> <span class='ocrx_word' id='word_1_102' title='bbox 859 2191 900 2251; x_wconf 85' lang='lat' dir='ltr'><strong>ut</strong></span> <span class='ocrx_word' id='word_1_103' title='bbox 915 2175 1035 2250; x_wconf 86' lang='lat' dir='ltr'><strong>valeas</strong></span> <span class='ocrx_word' id='word_1_104' title='bbox 1048 2176 1137 2250; x_wconf 88' lang='lat' dir='ltr'><strong>etiam</strong></span> 
     </span>
     <span class='ocr_line' id='line_1_14' title="bbox 153 2302 1136 2402; baseline 0.002 -30"><span class='ocrx_word' id='word_1_105' title='bbox 153 2313 259 2402; x_wconf 89' lang='lat' dir='ltr'><strong>atque</strong></span> <span class='ocrx_word' id='word_1_106' title='bbox 284 2303 407 2402; x_wconf 82' lang='lat' dir='ltr'><strong>etiam,</strong></span> <span class='ocrx_word' id='word_1_107' title='bbox 431 2304 516 2378; x_wconf 91' lang='lat' dir='ltr'><strong>Tiro</strong></span> <span class='ocrx_word' id='word_1_108' title='bbox 542 2319 670 2379; x_wconf 83' lang='lat' dir='ltr'><strong>noster.</strong></span> <span class='ocrx_word' id='word_1_109' title='bbox 695 2302 795 2381; x_wconf 87' lang='lat' dir='ltr'><strong>Vale.</strong></span> <span class='ocrx_word' id='word_1_110' title='bbox 820 2303 896 2378; x_wconf 87' lang='lat' dir='ltr'><strong>XV</strong></span> <span class='ocrx_word' id='word_1_111' title='bbox 921 2302 1071 2378; x_wconf 88' lang='lat' dir='ltr'><strong>Kalend.</strong></span> <span class='ocrx_word' id='word_1_112' title='bbox 1084 2302 1136 2376; x_wconf 85' lang='lat' dir='ltr'><strong>De·</strong></span> 
     </span>
     <span class='ocr_line' id='line_1_15' title="bbox 156 2424 983 2530; baseline 0.015 -31"><span class='ocrx_word' id='word_1_113' title='bbox 156 2427 267 2502; x_wconf 84' lang='lat' dir='ltr'><strong>camb.</strong></span> <span class='ocrx_word' id='word_1_114' title='bbox 285 2432 302 2481; x_wconf 83' lang='lat'><strong><em>⁶</em></strong></span> <span class='ocrx_word' id='word_1_115' title='bbox 326 2431 489 2530; x_wconf 85' lang='lat' dir='ltr'><strong>Corcyra.</strong></span> <span class='ocrx_word' id='word_1_116' title='bbox 980 2424 983 2429; x_wconf 43' lang='grc'><strong>’</strong></span> 
     </span>
    </p>
   </div>
   <div class='ocr_carea' id='block_1_5' title="bbox 561 2680 1185 2783">
    <p class='ocr_par' dir='ltr' id='par_1_5' title="bbox 561 2680 1185 2783">
     <span class='ocr_line' id='line_1_16' title="bbox 561 2680 1185 2783; baseline -0.002 -24"><span class='ocrx_word' id='word_1_117' title='bbox 561 2680 736 2759; x_wconf 75' lang='grc'>0011011.</span> <span class='ocrx_word' id='word_1_118' title='bbox 875 2724 927 2782; x_wconf 58' lang='lat' dir='ltr'><strong>&lt;M</strong></span> <span class='ocrx_word' id='word_1_119' title='bbox 944 2688 998 2770; x_wconf 62' lang='lat' dir='ltr'><strong>nr..</strong></span> <span class='ocrx_word' id='word_1_120' title='bbox 1013 2720 1113 2781; x_wconf 59' lang='lat' dir='ltr'><strong>m.)</strong></span> <span class='ocrx_word' id='word_1_121' title='bbox 1182 2750 1185 2783; x_wconf 77' lang='lat'><em>÷</em></span> 
     </span>
    </p>
   </div>
   <div class='ocr_carea' id='block_1_6' title="bbox 150 2856 1127 3029">
    <p class='ocr_par' dir='ltr' id='par_1_6' title="bbox 150 2856 1127 3029">
     <span class='ocr_line' id='line_1_17' title="bbox 150 2856 1127 2942; baseline 0.004 -27"><span class='ocrx_word' id='word_1_122' title='bbox 150 2856 370 2935; x_wconf 63' lang='lat' dir='ltr'><strong>Argumentum.</strong></span> <span class='ocrx_word' id='word_1_123' title='bbox 384 2860 611 2942; x_wconf 85' lang='lat' dir='ltr'><strong>Navigationem</strong></span> <span class='ocrx_word' id='word_1_124' title='bbox 625 2865 657 2921; x_wconf 91' lang='lat' dir='ltr'><strong>in</strong></span> <span class='ocrx_word' id='word_1_125' title='bbox 671 2861 789 2921; x_wconf 88' lang='lat' dir='ltr'><strong>Italiam</strong></span> <span class='ocrx_word' id='word_1_126' title='bbox 803 2860 963 2936; x_wconf 88' lang='lat' dir='ltr'><strong>describit,</strong></span> <span class='ocrx_word' id='word_1_127' title='bbox 983 2863 1127 2937; x_wconf 73' lang='lat' dir='ltr'><strong>iterumque</strong></span> 
     </span>
     <span class='ocr_line' id='line_1_18' title="bbox 155 2963 838 3029; baseline 0.01 -7"><span class='ocrx_word' id='word_1_128' title='bbox 155 2964 161 2973; x_wconf 90' lang='lat'><em>&#39;</em></span> <span class='ocrx_word' id='word_1_129' title='bbox 191 2963 363 3026; x_wconf 83' lang='lat' dir='ltr'><strong>valitudinIs</strong></span> <span class='ocrx_word' id='word_1_130' title='bbox 384 2988 490 3027; x_wconf 90' lang='lat' dir='ltr'><strong>curam</strong></span> <span class='ocrx_word' id='word_1_131' title='bbox 511 2970 617 3029; x_wconf 89' lang='lat' dir='ltr'><strong>Tironi</strong></span> <span class='ocrx_word' id='word_1_132' title='bbox 639 2968 838 3029; x_wconf 89' lang='lat' dir='ltr'><strong>commendat.</strong></span> 
     </span>
    </p>
   </div>
   <div class='ocr_carea' id='block_1_7' title="bbox 297 3120 1185 3256">
    <p class='ocr_par' dir='ltr' id='par_1_7' title="bbox 297 3120 1185 3256">
     <span class='ocr_line' id='line_1_19' title="bbox 297 3120 1185 3256; baseline 0.005 -7"><span class='ocrx_word' id='word_1_133' title='bbox 297 3198 350 3250; x_wconf 88' lang='lat' dir='ltr'><strong>Scr.</strong></span> <span class='ocrx_word' id='word_1_134' title='bbox 368 3197 496 3252; x_wconf 87' lang='lat' dir='ltr'><strong>Brundisii</strong></span> <span class='ocrx_word' id='word_1_135' title='bbox 515 3200 545 3253; x_wconf 82' lang='lat' dir='ltr'><strong>A.</strong></span> <span class='ocrx_word' id='word_1_136' title='bbox 563 3201 597 3252; x_wconf 84' lang='lat' dir='ltr'><strong>V.</strong></span> <span class='ocrx_word' id='word_1_137' title='bbox 616 3202 644 3254; x_wconf 92' lang='lat' dir='ltr'><strong>C.</strong></span> <span class='ocrx_word' id='word_1_138' title='bbox 663 3200 782 3256; x_wconf 90' lang='lat' dir='ltr'><strong>DCCIII.</strong></span> <span class='ocrx_word' id='word_1_139' title='bbox 801 3201 840 3254; x_wconf 91' lang='lat' dir='ltr'><strong>IV</strong></span> <span class='ocrx_word' id='word_1_140' title='bbox 859 3202 918 3254; x_wconf 86' lang='lat' dir='ltr'><strong>Kal.</strong></span> <span class='ocrx_word' id='word_1_141' title='bbox 937 3201 1001 3254; x_wconf 86' lang='lat' dir='ltr'><strong>Dec.</strong></span> <span class='ocrx_word' id='word_1_142' title='bbox 1179 3120 1185 3207; x_wconf 90' lang='grc'>1</span> 
     </span>
    </p>
   </div>
   <div class='ocr_carea' id='block_1_8' title="bbox 269 3419 1032 3610">
    <p class='ocr_par' dir='ltr' id='par_1_8' title="bbox 269 3419 1032 3610">
     <span class='ocr_line' id='line_1_20' title="bbox 269 3419 1032 3506; baseline 0.005 -22"><span class='ocrx_word' id='word_1_143' title='bbox 269 3419 313 3484; x_wconf 92' lang='grc' dir='ltr'><strong>Μ.</strong></span> <span class='ocrx_word' id='word_1_144' title='bbox 340 3423 509 3491; x_wconf 87' lang='lat' dir='ltr'>TVLLIVS</span> <span class='ocrx_word' id='word_1_145' title='bbox 534 3426 585 3490; x_wconf 88' lang='lat' dir='ltr'><strong>ET</strong></span> <span class='ocrx_word' id='word_1_146' title='bbox 612 3425 755 3491; x_wconf 84' lang='lat' dir='ltr'><strong>CICERO</strong></span> <span class='ocrx_word' id='word_1_147' title='bbox 782 3427 832 3489; x_wconf 84' lang='lat' dir='ltr'><strong>ET</strong></span> <span class='ocrx_word' id='word_1_148' title='bbox 858 3425 1032 3506; x_wconf 86' lang='lat' dir='ltr'><strong>QVINTVS</strong></span> 
     </span>
     <span class='ocr_line' id='line_1_21' title="bbox 494 3545 965 3610; baseline -0.004 -2"><span class='ocrx_word' id='word_1_149' title='bbox 494 3546 634 3610; x_wconf 86' lang='lat' dir='ltr'><strong>TIRONI</strong></span> <span class='ocrx_word' id='word_1_150' title='bbox 660 3547 689 3608; x_wconf 90' lang='lat' dir='ltr'><strong>S.</strong></span> <span class='ocrx_word' id='word_1_151' title='bbox 714 3546 747 3607; x_wconf 87' lang='lat' dir='ltr'><strong>P.</strong></span> <span class='ocrx_word' id='word_1_152' title='bbox 771 3545 808 3607; x_wconf 88' lang='lat' dir='ltr'><strong>D.</strong></span> <span class='ocrx_word' id='word_1_153' title='bbox 959 3563 965 3570; x_wconf 87' lang='lat'><strong>·</strong></span> 
     </span>
    </p>
   </div>
   <div class='ocr_carea' id='block_1_9' title="bbox 58 3724 1143 3936">
    <p class='ocr_par' dir='ltr' id='par_1_9' title="bbox 58 3724 1143 3936">
     <span class='ocr_line' id='line_1_22' title="bbox 199 3724 1141 3833; baseline -0.001 -33"><span class='ocrx_word' id='word_1_154' title='bbox 199 3724 274 3801; x_wconf 88' lang='lat' dir='ltr'><strong>Nos</strong></span> <span class='ocrx_word' id='word_1_155' title='bbox 300 3756 320 3803; x_wconf 90' lang='lat' dir='ltr'><strong>a</strong></span> <span class='ocrx_word' id='word_1_156' title='bbox 346 3744 399 3830; x_wconf 81' lang='lat' dir='ltr'><strong>te,</strong></span> <span class='ocrx_word' id='word_1_157' title='bbox 423 3747 463 3805; x_wconf 88' lang='lat' dir='ltr'><strong>ut</strong></span> <span class='ocrx_word' id='word_1_158' title='bbox 488 3734 570 3833; x_wconf 84' lang='lat' dir='ltr'><strong>scis,</strong></span> <span class='ocrx_word' id='word_1_159' title='bbox 603 3733 824 3807; x_wconf 86' lang='lat' dir='ltr'><strong>discessimus</strong></span> <span class='ocrx_word' id='word_1_160' title='bbox 850 3760 879 3806; x_wconf 94' lang='lat' dir='ltr'><strong>a.</strong></span> <span class='ocrx_word' id='word_1_161' title='bbox 906 3733 939 3805; x_wconf 93' lang='lat' dir='ltr'><strong>d.</strong></span> <span class='ocrx_word' id='word_1_162' title='bbox 966 3733 1036 3805; x_wconf 92' lang='lat' dir='ltr'><strong>IIII</strong></span> <span class='ocrx_word' id='word_1_163' title='bbox 1058 3727 1141 3803; x_wconf 80' lang='lat' dir='ltr'><strong>Noss·</strong></span> 
     </span>
     <span class='ocr_line' id='line_1_23' title="bbox 58 3847 1143 3936; baseline 0.001 -9"><span class='ocrx_word' id='word_1_164' title='bbox 58 3890 61 3900; x_wconf 72' lang='lat'>=</span> <span class='ocrx_word' id='word_1_165' title='bbox 151 3847 322 3929; x_wconf 85' lang='lat' dir='ltr'><strong>Novemb.</strong></span> <span class='ocrx_word' id='word_1_166' title='bbox 348 3859 548 3932; x_wconf 78' lang='lat' dir='ltr'><strong>Leucadem</strong></span> <span class='ocrx_word' id='word_1_167' title='bbox 573 3862 732 3936; x_wconf 89' lang='lat' dir='ltr'><strong>venimus</strong></span> <span class='ocrx_word' id='word_1_168' title='bbox 757 3888 786 3933; x_wconf 92' lang='lat' dir='ltr'><strong>a.</strong></span> <span class='ocrx_word' id='word_1_169' title='bbox 804 3860 837 3933; x_wconf 84' lang='lat' dir='ltr'><strong>d.</strong></span> <span class='ocrx_word' id='word_1_170' title='bbox 855 3861 943 3935; x_wconf 91' lang='lat' dir='ltr'><strong>VIII</strong></span> <span class='ocrx_word' id='word_1_171' title='bbox 968 3859 1049 3932; x_wconf 90' lang='lat' dir='ltr'><strong>Idus</strong></span> <span class='ocrx_word' id='word_1_172' title='bbox 1071 3851 1143 3928; x_wconf 79' lang='lat' dir='ltr'><strong>N⁰¹</strong></span> 
     </span>
    </p>
   </div>
   <div class='ocr_carea' id='block_1_10' title="bbox 0 0 1318 4854">
    <p class='ocr_par' dir='ltr' id='par_1_10' title="bbox 0 0 1318 4854">
     <span class='ocr_line' id='line_1_24' title="bbox 0 0 1318 4854; baseline 0 0"><span class='ocrx_word' id='word_1_173' title='bbox 0 0 1318 4854; x_wconf 95' lang='lat' dir='ltr'><strong> </strong></span> 
     </span>
    </p>
   </div>
  </div>
 </body>
</html>
