<?xml version="1.0" encoding="UTF-8"?>
<!DOCTYPE html PUBLIC "-//W3C//DTD XHTML 1.0 Transitional//EN"
    "http://www.w3.org/TR/xhtml1/DTD/xhtml1-transitional.dtd">
<html xmlns="http://www.w3.org/1999/xhtml" xml:lang="en" lang="en">
 <head>
  <title>
</title>
<meta http-equiv="Content-Type" content="text/html;charset=utf-8" />
  <meta name='ocr-system' content='tesseract 3.04.00' />
  <meta name='ocr-capabilities' content='ocr_page ocr_carea ocr_par ocr_line ocrx_word'/>
</head>
<body>
  <div class='ocr_page' id='page_1' title='image "./mtulliiciceroni59cicegoog/mtulliiciceroni59cicegoog_0085.png"; bbox 0 0 2626 4854; ppageno 0'>
   <div class='ocr_carea' id='block_1_1' title="bbox 150 325 1134 402">
    <p class='ocr_par' dir='ltr' id='par_1_1' title="bbox 150 325 1134 402">
     <span class='ocr_line' id='line_1_1' title="bbox 150 325 1134 402; baseline 0.004 -18"><span class='ocrx_word' id='word_1_1' title='bbox 150 325 200 393; x_wconf 65' lang='grc' dir='ltr'>εδ</span> <span class='ocrx_word' id='word_1_2' title='bbox 493 338 804 386; x_wconf 75' lang='lat' dir='ltr'>numum.</span> <span class='ocrx_word' id='word_1_3' title='bbox 928 336 1134 402; x_wconf 60' lang='grc' dir='ltr'><strong>ιιαφι</strong></span> 
     </span>
    </p>
   </div>
   <div class='ocr_carea' id='block_1_2' title="bbox 145 439 1162 539">
    <p class='ocr_par' dir='ltr' id='par_1_2' title="bbox 145 439 1162 539">
     <span class='ocr_line' id='line_1_2' title="bbox 145 439 1162 539; baseline -0.001 -21"><span class='ocrx_word' id='word_1_4' title='bbox 145 439 1162 539; x_wconf 72' lang='lat' dir='ltr'>levissimuleuiduatmtuu,uuegumtetam</span> 
     </span>
    </p>
   </div>
   <div class='ocr_carea' id='block_1_3' title="bbox 144 565 1188 3578">
    <p class='ocr_par' dir='ltr' id='par_1_3' title="bbox 144 565 1164 670">
     <span class='ocr_line' id='line_1_3' title="bbox 144 565 1164 670; baseline -0.001 -27"><span class='ocrx_word' id='word_1_5' title='bbox 144 567 380 670; x_wconf 71' lang='lat' dir='ltr'>implanbffis</span> <span class='ocrx_word' id='word_1_6' title='bbox 402 593 517 640; x_wconf 66' lang='grc' dir='ltr'>α·</span> <span class='ocrx_word' id='word_1_7' title='bbox 526 594 681 668; x_wconf 86' lang='lat' dir='ltr'>,quum</span> <span class='ocrx_word' id='word_1_8' title='bbox 713 581 752 639; x_wconf 80' lang='lat' dir='ltr'>te</span> <span class='ocrx_word' id='word_1_9' title='bbox 773 592 820 639; x_wconf 81' lang='lat' dir='ltr'>ex</span> <span class='ocrx_word' id='word_1_10' title='bbox 840 565 953 639; x_wconf 60' lang='lat' dir='ltr'>hta!</span> <span class='ocrx_word' id='word_1_11' title='bbox 974 593 1164 668; x_wconf 78' lang='lat' dir='ltr'>mco,ne</span> 
     </span>
    </p>

    <p class='ocr_par' dir='ltr' id='par_1_4' title="bbox 144 692 1188 3578">
     <span class='ocr_line' id='line_1_4' title="bbox 144 692 1160 797; baseline -0.001 -27"><span class='ocrx_word' id='word_1_12' title='bbox 144 710 232 770; x_wconf 83' lang='lat' dir='ltr'>tuuc</span> <span class='ocrx_word' id='word_1_13' title='bbox 256 695 474 797; x_wconf 67' lang='lat' dir='ltr'>quiikm21,</span> <span class='ocrx_word' id='word_1_14' title='bbox 503 718 614 793; x_wconf 85' lang='lat' dir='ltr'>quum</span> <span class='ocrx_word' id='word_1_15' title='bbox 645 692 713 764; x_wconf 87' lang='lat' dir='ltr'>tibi</span> <span class='ocrx_word' id='word_1_16' title='bbox 742 718 859 792; x_wconf 76' lang='lat' dir='ltr'>prope</span> <span class='ocrx_word' id='word_1_17' title='bbox 888 718 1035 766; x_wconf 67' lang='lat' dir='ltr'>nem</span> <span class='ocrx_word' id='word_1_18' title='bbox 1065 709 1160 769; x_wconf 83' lang='lat' dir='ltr'>esset</span> 
     </span>
     <span class='ocr_line' id='line_1_5' title="bbox 145 817 1164 919; baseline 0.001 -25"><span class='ocrx_word' id='word_1_19' title='bbox 145 848 207 894; x_wconf 69' lang='lat' dir='ltr'>ms</span> <span class='ocrx_word' id='word_1_20' title='bbox 223 846 326 919; x_wconf 79' lang='lat' dir='ltr'>agere</span> <span class='ocrx_word' id='word_1_21' title='bbox 341 832 481 919; x_wconf 67' lang='lat' dir='ltr'>panes,</span> <span class='ocrx_word' id='word_1_22' title='bbox 503 819 687 889; x_wconf 82' lang='lat' dir='ltr'>immicum</span> <span class='ocrx_word' id='word_1_23' title='bbox 700 817 789 888; x_wconf 80' lang='lat' dir='ltr'>milii</span> <span class='ocrx_word' id='word_1_24' title='bbox 804 817 913 890; x_wconf 75' lang='lat' dir='ltr'>misse</span> <span class='ocrx_word' id='word_1_25' title='bbox 928 821 1164 917; x_wconf 69' lang='lat' dir='ltr'>cognossem?</span> 
     </span>
     <span class='ocr_line' id='line_1_6' title="bbox 144 943 1160 1048; baseline 0.001 -30"><span class='ocrx_word' id='word_1_26' title='bbox 144 948 269 1040; x_wconf 88' lang='lat' dir='ltr'>Quum</span> <span class='ocrx_word' id='word_1_27' title='bbox 293 971 379 1018; x_wconf 73' lang='lat' dir='ltr'>vero</span> <span class='ocrx_word' id='word_1_28' title='bbox 396 943 552 1017; x_wconf 79' lang='lat' dir='ltr'>reditum</span> <span class='ocrx_word' id='word_1_29' title='bbox 567 957 731 1016; x_wconf 77' lang='lat' dir='ltr'>ausuum</span> <span class='ocrx_word' id='word_1_30' title='bbox 744 945 784 1016; x_wconf 91' lang='lat' dir='ltr'>in</span> <span class='ocrx_word' id='word_1_31' title='bbox 799 946 952 1041; x_wconf 80' lang='lat' dir='ltr'>gratiam</span> <span class='ocrx_word' id='word_1_32' title='bbox 966 959 1117 1048; x_wconf 80' lang='lat' dir='ltr'>uterque</span> <span class='ocrx_word' id='word_1_33' title='bbox 1128 949 1160 997; x_wconf 80' lang='lat'>³²</span> 
     </span>
     <span class='ocr_line' id='line_1_7' title="bbox 145 1069 1161 1174; baseline 0.003 -29"><span class='ocrx_word' id='word_1_34' title='bbox 145 1074 355 1174; x_wconf 78' lang='lat' dir='ltr'>expetisset:</span> <span class='ocrx_word' id='word_1_35' title='bbox 380 1069 470 1173; x_wconf 90' lang='lat' dir='ltr'>quid</span> <span class='ocrx_word' id='word_1_36' title='bbox 492 1071 532 1142; x_wconf 91' lang='lat' dir='ltr'>in</span> <span class='ocrx_word' id='word_1_37' title='bbox 555 1069 743 1143; x_wconf 71' lang='lat' dir='ltr'>conmlatn</span> <span class='ocrx_word' id='word_1_38' title='bbox 767 1083 832 1142; x_wconf 90' lang='lat' dir='ltr'>tuo</span> <span class='ocrx_word' id='word_1_39' title='bbox 863 1071 993 1144; x_wconf 71' lang='lat' dir='ltr'>trustra</span> <span class='ocrx_word' id='word_1_40' title='bbox 1016 1099 1161 1148; x_wconf 83' lang='lat' dir='ltr'>mecum</span> 
     </span>
     <span class='ocr_line' id='line_1_8' title="bbox 146 1196 1188 1299; baseline 0.007 -30"><span class='ocrx_word' id='word_1_41' title='bbox 146 1201 267 1297; x_wconf 77' lang='lat' dir='ltr'>egisti,</span> <span class='ocrx_word' id='word_1_42' title='bbox 289 1197 390 1299; x_wconf 80' lang='lat' dir='ltr'>quod</span> <span class='ocrx_word' id='word_1_43' title='bbox 411 1224 471 1269; x_wconf 88' lang='lat' dir='ltr'>me</span> <span class='ocrx_word' id='word_1_44' title='bbox 495 1210 560 1268; x_wconf 82' lang='lat' dir='ltr'>aut</span> <span class='ocrx_word' id='word_1_45' title='bbox 581 1196 719 1295; x_wconf 78' lang='lat' dir='ltr'>facere,</span> <span class='ocrx_word' id='word_1_46' title='bbox 742 1199 952 1270; x_wconf 78' lang='lat' dir='ltr'>autsentim</span> <span class='ocrx_word' id='word_1_47' title='bbox 967 1197 1188 1284; x_wconf 65' lang='lat' dir='ltr'>voluissent,</span> 
     </span>
     <span class='ocr_line' id='line_1_9' title="bbox 147 1323 1162 1429; baseline 0.003 -32"><span class='ocrx_word' id='word_1_48' title='bbox 147 1324 248 1417; x_wconf 85' lang='lat' dir='ltr'><strong>Quid</strong></span> <span class='ocrx_word' id='word_1_49' title='bbox 271 1325 360 1396; x_wconf 86' lang='lat' dir='ltr'>mihi</span> <span class='ocrx_word' id='word_1_50' title='bbox 381 1323 579 1419; x_wconf 77' lang='lat' dir='ltr'><strong>mandasti,</strong></span> <span class='ocrx_word' id='word_1_51' title='bbox 601 1350 713 1423; x_wconf 85' lang='lat' dir='ltr'>quum</span> <span class='ocrx_word' id='word_1_52' title='bbox 737 1336 775 1394; x_wconf 82' lang='lat' dir='ltr'>te</span> <span class='ocrx_word' id='word_1_53' title='bbox 789 1323 949 1397; x_wconf 72' lang='lat' dir='ltr'>Puteolis</span> <span class='ocrx_word' id='word_1_54' title='bbox 964 1351 1162 1429; x_wconf 77' lang='lat' dir='ltr'>prosequo-</span> 
     </span>
     <span class='ocr_line' id='line_1_10' title="bbox 145 1449 1160 1551; baseline 0 -26"><span class='ocrx_word' id='word_1_55' title='bbox 145 1477 204 1525; x_wconf 66' lang='grc' dir='ltr'>ια</span> <span class='ocrx_word' id='word_1_56' title='bbox 214 1453 266 1549; x_wconf 81' lang='lat'>³³,</span> <span class='ocrx_word' id='word_1_57' title='bbox 288 1452 329 1522; x_wconf 92' lang='lat' dir='ltr'>in</span> <span class='ocrx_word' id='word_1_58' title='bbox 351 1476 424 1551; x_wconf 86' lang='lat' dir='ltr'>qno</span> <span class='ocrx_word' id='word_1_59' title='bbox 448 1474 526 1520; x_wconf 93' lang='lat' dir='ltr'>non</span> <span class='ocrx_word' id='word_1_60' title='bbox 541 1450 845 1546; x_wconf 73' lang='lat' dir='ltr'>exspectationun</span> <span class='ocrx_word' id='word_1_61' title='bbox 860 1463 960 1521; x_wconf 77' lang='lat' dir='ltr'>tuam</span> <span class='ocrx_word' id='word_1_62' title='bbox 975 1449 1160 1549; x_wconf 72' lang='lat' dir='ltr'>diligentia</span> 
     </span>
     <span class='ocr_line' id='line_1_11' title="bbox 146 1572 1161 1675; baseline 0 -26"><span class='ocrx_word' id='word_1_63' title='bbox 146 1603 227 1650; x_wconf 75' lang='lat' dir='ltr'>meu</span> <span class='ocrx_word' id='word_1_64' title='bbox 252 1575 420 1649; x_wconf 72' lang='lat' dir='ltr'>vicesimi</span> <span class='ocrx_word' id='word_1_65' title='bbox 443 1573 556 1666; x_wconf 86' lang='lat' dir='ltr'>Quod</span> <span class='ocrx_word' id='word_1_66' title='bbox 579 1574 611 1647; x_wconf 85' lang='lat' dir='ltr'>si</span> <span class='ocrx_word' id='word_1_67' title='bbox 632 1572 744 1646; x_wconf 87' lang='lat' dir='ltr'>idest</span> <span class='ocrx_word' id='word_1_68' title='bbox 757 1575 912 1646; x_wconf 82' lang='lat' dir='ltr'>mxime</span> <span class='ocrx_word' id='word_1_69' title='bbox 931 1578 1058 1675; x_wconf 82' lang='lat' dir='ltr'>astuti,</span> <span class='ocrx_word' id='word_1_70' title='bbox 1080 1603 1161 1649; x_wconf 93' lang='lat' dir='ltr'>om-</span> 
     </span>
     <span class='ocr_line' id='line_1_12' title="bbox 145 1699 1162 1801; baseline -0.001 -24"><span class='ocrx_word' id='word_1_71' title='bbox 145 1707 207 1778; x_wconf 90' lang='lat' dir='ltr'>nia</span> <span class='ocrx_word' id='word_1_72' title='bbox 230 1703 279 1776; x_wconf 84' lang='lat' dir='ltr'>ad</span> <span class='ocrx_word' id='word_1_73' title='bbox 303 1729 406 1776; x_wconf 87' lang='lat' dir='ltr'>suam</span> <span class='ocrx_word' id='word_1_74' title='bbox 430 1700 620 1773; x_wconf 73' lang='lat' dir='ltr'>utilitatem</span> <span class='ocrx_word' id='word_1_75' title='bbox 636 1699 781 1772; x_wconf 58' lang='lat' dir='ltr'>referta</span> <span class='ocrx_word' id='word_1_76' title='bbox 805 1699 894 1801; x_wconf 90' lang='lat' dir='ltr'>quid</span> <span class='ocrx_word' id='word_1_77' title='bbox 907 1701 996 1772; x_wconf 89' lang='lat' dir='ltr'>mihi</span> <span class='ocrx_word' id='word_1_78' title='bbox 1014 1703 1162 1776; x_wconf 83' lang='lat' dir='ltr'>tandem</span> 
     </span>
     <span class='ocr_line' id='line_1_13' title="bbox 145 1827 1162 1931; baseline -0.002 -26"><span class='ocrx_word' id='word_1_79' title='bbox 145 1845 222 1905; x_wconf 82' lang='lat' dir='ltr'>erat</span> <span class='ocrx_word' id='word_1_80' title='bbox 245 1829 393 1929; x_wconf 87' lang='lat' dir='ltr'>utilius,</span> <span class='ocrx_word' id='word_1_81' title='bbox 416 1829 505 1931; x_wconf 91' lang='lat' dir='ltr'>quid</span> <span class='ocrx_word' id='word_1_82' title='bbox 528 1827 727 1900; x_wconf 84' lang='lat' dir='ltr'>commodis</span> <span class='ocrx_word' id='word_1_83' title='bbox 757 1828 845 1899; x_wconf 84' lang='lat' dir='ltr'>meis</span> <span class='ocrx_word' id='word_1_84' title='bbox 877 1829 1013 1928; x_wconf 86' lang='lat' dir='ltr'>aptius,</span> <span class='ocrx_word' id='word_1_85' title='bbox 1051 1856 1162 1930; x_wconf 87' lang='lat' dir='ltr'>quam</span> 
     </span>
     <span class='ocr_line' id='line_1_14' title="bbox 144 1953 1161 2055; baseline -0.002 -24"><span class='ocrx_word' id='word_1_86' title='bbox 144 1957 302 2032; x_wconf 84' lang='lat' dir='ltr'>hominis</span> <span class='ocrx_word' id='word_1_87' title='bbox 325 1955 538 2029; x_wconf 73' lang='lat' dir='ltr'>nobilissimi</span> <span class='ocrx_word' id='word_1_88' title='bbox 561 1969 668 2055; x_wconf 81' lang='lat' dir='ltr'>atquc</span> <span class='ocrx_word' id='word_1_89' title='bbox 683 1953 992 2027; x_wconf 52' lang='lat' dir='ltr'>honoratim‘mis</span> <span class='ocrx_word' id='word_1_90' title='bbox 1009 1957 1161 2029; x_wconf 89' lang='lat' dir='ltr'>coniun-</span> 
     </span>
     <span class='ocr_line' id='line_1_15' title="bbox 146 2079 1163 2182; baseline -0.001 -25"><span class='ocrx_word' id='word_1_91' title='bbox 146 2085 240 2181; x_wconf 88' lang='lat' dir='ltr'>ctio,</span> <span class='ocrx_word' id='word_1_92' title='bbox 263 2085 364 2157; x_wconf 89' lang='lat' dir='ltr'>cuins</span> <span class='ocrx_word' id='word_1_93' title='bbox 390 2109 494 2182; x_wconf 79' lang='lat' dir='ltr'>opus,</span> <span class='ocrx_word' id='word_1_94' title='bbox 516 2083 714 2178; x_wconf 83' lang='lat' dir='ltr'>ingenium,</span> <span class='ocrx_word' id='word_1_95' title='bbox 748 2079 870 2180; x_wconf 86' lang='lat' dir='ltr'>liberi,</span> <span class='ocrx_word' id='word_1_96' title='bbox 899 2080 1042 2179; x_wconf 77' lang='lat' dir='ltr'>affines,</span> <span class='ocrx_word' id='word_1_97' title='bbox 1074 2109 1163 2182; x_wconf 88' lang='lat' dir='ltr'>pro-</span> 
     </span>
     <span class='ocr_line' id='line_1_16' title="bbox 147 2206 1164 2311; baseline 0.004 -31"><span class='ocrx_word' id='word_1_98' title='bbox 147 2211 275 2311; x_wconf 86' lang='lat' dir='ltr'>pinqui</span> <span class='ocrx_word' id='word_1_99' title='bbox 298 2209 387 2280; x_wconf 88' lang='lat' dir='ltr'>mihi</span> <span class='ocrx_word' id='word_1_100' title='bbox 410 2234 540 2305; x_wconf 83' lang='lat' dir='ltr'>magno</span> <span class='ocrx_word' id='word_1_101' title='bbox 567 2206 623 2278; x_wconf 73' lang='lat' dir='ltr'>vel</span> <span class='ocrx_word' id='word_1_102' title='bbox 646 2221 876 2305; x_wconf 84' lang='lat' dir='ltr'>ornamento,</span> <span class='ocrx_word' id='word_1_103' title='bbox 898 2207 957 2281; x_wconf 77' lang='lat' dir='ltr'>vd</span> <span class='ocrx_word' id='word_1_104' title='bbox 980 2209 1164 2308; x_wconf 67' lang='lat' dir='ltr'>pracsidio</span> 
     </span>
     <span class='ocr_line' id='line_1_17' title="bbox 147 2334 1163 2438; baseline 0 -30"><span class='ocrx_word' id='word_1_105' title='bbox 147 2362 225 2408; x_wconf 86' lang='lat' dir='ltr'>esse</span> <span class='ocrx_word' id='word_1_106' title='bbox 248 2334 422 2436; x_wconf 76' lang='lat' dir='ltr'>possent?</span> <span class='ocrx_word' id='word_1_107' title='bbox 459 2336 562 2424; x_wconf 86' lang='lat' dir='ltr'>Quae</span> <span class='ocrx_word' id='word_1_108' title='bbox 600 2349 721 2405; x_wconf 85' lang='lat' dir='ltr'>tamen</span> <span class='ocrx_word' id='word_1_109' title='bbox 751 2359 820 2432; x_wconf 78' lang='lat' dir='ltr'>ego</span> <span class='ocrx_word' id='word_1_110' title='bbox 843 2336 963 2408; x_wconf 84' lang='lat' dir='ltr'>omnia</span> <span class='ocrx_word' id='word_1_111' title='bbox 987 2337 1029 2408; x_wconf 89' lang='lat' dir='ltr'>in</span> <span class='ocrx_word' id='word_1_112' title='bbox 1053 2363 1163 2438; x_wconf 85' lang='lat' dir='ltr'>expe·</span> 
     </span>
     <span class='ocr_line' id='line_1_18' title="bbox 146 2460 1160 2563; baseline 0.003 -28"><span class='ocrx_word' id='word_1_113' title='bbox 146 2463 257 2535; x_wconf 81' lang='lat' dir='ltr'>tenda</span> <span class='ocrx_word' id='word_1_114' title='bbox 282 2462 436 2533; x_wconf 78' lang='lat' dir='ltr'>amicitia</span> <span class='ocrx_word' id='word_1_115' title='bbox 460 2475 540 2557; x_wconf 74' lang='lat' dir='ltr'>tua,</span> <span class='ocrx_word' id='word_1_116' title='bbox 564 2486 639 2532; x_wconf 93' lang='lat' dir='ltr'>non</span> <span class='ocrx_word' id='word_1_117' title='bbox 662 2462 791 2532; x_wconf 85' lang='lat' dir='ltr'>astutia</span> <span class='ocrx_word' id='word_1_118' title='bbox 816 2460 990 2563; x_wconf 86' lang='lat' dir='ltr'>quadam,</span> <span class='ocrx_word' id='word_1_119' title='bbox 1014 2463 1083 2537; x_wconf 85' lang='lat' dir='ltr'>sed</span> <span class='ocrx_word' id='word_1_120' title='bbox 1099 2463 1160 2537; x_wconf 88' lang='lat' dir='ltr'>ali-</span> 
     </span>
     <span class='ocr_line' id='line_1_19' title="bbox 147 2586 1159 2692; baseline 0.003 -31"><span class='ocrx_word' id='word_1_121' title='bbox 147 2616 217 2692; x_wconf 89' lang='lat' dir='ltr'>qua</span> <span class='ocrx_word' id='word_1_122' title='bbox 241 2591 362 2690; x_wconf 90' lang='lat' dir='ltr'>potins</span> <span class='ocrx_word' id='word_1_123' title='bbox 387 2589 561 2688; x_wconf 85' lang='lat' dir='ltr'>sapientia</span> <span class='ocrx_word' id='word_1_124' title='bbox 585 2592 727 2658; x_wconf 79' lang='lat' dir='ltr'>secutus</span> <span class='ocrx_word' id='word_1_125' title='bbox 751 2613 839 2658; x_wconf 89' lang='lat' dir='ltr'>sum.</span> <span class='ocrx_word' id='word_1_126' title='bbox 857 2586 978 2680; x_wconf 85' lang='lat' dir='ltr'>Quidl</span> <span class='ocrx_word' id='word_1_127' title='bbox 1002 2588 1065 2662; x_wconf 87' lang='lat' dir='ltr'>illa</span> <span class='ocrx_word' id='word_1_128' title='bbox 1082 2592 1159 2664; x_wconf 85' lang='lat' dir='ltr'>vin·</span> 
     </span>
     <span class='ocr_line' id='line_1_20' title="bbox 146 2708 1156 2818; baseline 0.002 -30"><span class='ocrx_word' id='word_1_129' title='bbox 146 2715 237 2815; x_wconf 83' lang='lat' dir='ltr'>cula,</span> <span class='ocrx_word' id='word_1_130' title='bbox 247 2715 375 2818; x_wconf 84' lang='lat' dir='ltr'>quibus</span> <span class='ocrx_word' id='word_1_131' title='bbox 392 2715 537 2816; x_wconf 88' lang='lat' dir='ltr'>quidem</span> <span class='ocrx_word' id='word_1_132' title='bbox 548 2713 779 2785; x_wconf 83' lang='lat' dir='ltr'>libentissime</span> <span class='ocrx_word' id='word_1_133' title='bbox 792 2713 1008 2815; x_wconf 82' lang='lat' dir='ltr'>adsuingor,</span> <span class='ocrx_word' id='word_1_134' title='bbox 1025 2708 1156 2817; x_wconf 81' lang='lat' dir='ltr'>quanta</span> 
     </span>
     <span class='ocr_line' id='line_1_21' title="bbox 146 2839 1156 2938; baseline -0.001 -24"><span class='ocrx_word' id='word_1_135' title='bbox 146 2842 250 2914; x_wconf 84' lang='lat' dir='ltr'>suntl</span> <span class='ocrx_word' id='word_1_136' title='bbox 274 2842 473 2914; x_wconf 86' lang='lat' dir='ltr'>studiorum</span> <span class='ocrx_word' id='word_1_137' title='bbox 497 2839 710 2938; x_wconf 81' lang='lat' dir='ltr'>similitudo,</span> <span class='ocrx_word' id='word_1_138' title='bbox 742 2843 898 2913; x_wconf 68' lang='lat' dir='ltr'>suasitas</span> <span class='ocrx_word' id='word_1_139' title='bbox 928 2843 1156 2914; x_wconf 85' lang='lat' dir='ltr'>consuetudi·</span> 
     </span>
     <span class='ocr_line' id='line_1_22' title="bbox 145 2967 1156 3067; baseline 0.002 -27"><span class='ocrx_word' id='word_1_140' title='bbox 145 2969 223 3065; x_wconf 87' lang='lat' dir='ltr'>nis,</span> <span class='ocrx_word' id='word_1_141' title='bbox 246 2967 434 3040; x_wconf 82' lang='lat' dir='ltr'>delectatio</span> <span class='ocrx_word' id='word_1_142' title='bbox 463 2969 556 3039; x_wconf 77' lang='lat' dir='ltr'>vitae</span> <span class='ocrx_word' id='word_1_143' title='bbox 585 2981 693 3067; x_wconf 83' lang='lat' dir='ltr'>atque</span> <span class='ocrx_word' id='word_1_144' title='bbox 723 2967 859 3065; x_wconf 70' lang='lat' dir='ltr'>victus,</span> <span class='ocrx_word' id='word_1_145' title='bbox 893 2971 1069 3041; x_wconf 88' lang='lat' dir='ltr'>sermonis</span> <span class='ocrx_word' id='word_1_146' title='bbox 1102 2994 1156 3042; x_wconf 92' lang='lat' dir='ltr'>so·</span> 
     </span>
     <span class='ocr_line' id='line_1_23' title="bbox 146 3092 1155 3194; baseline 0 -29"><span class='ocrx_word' id='word_1_147' title='bbox 146 3093 255 3165; x_wconf 80' lang='lat' dir='ltr'>cletas</span> <span class='ocrx_word' id='word_1_148' title='bbox 264 3149 277 3189; x_wconf 96' lang='lat'>,</span> <span class='ocrx_word' id='word_1_149' title='bbox 298 3092 420 3164; x_wconf 83' lang='lat' dir='ltr'>literae</span> <span class='ocrx_word' id='word_1_150' title='bbox 443 3093 627 3165; x_wconf 79' lang='lat' dir='ltr'>interiores</span> <span class='ocrx_word' id='word_1_151' title='bbox 640 3094 683 3163; x_wconf 84' lang='lat'>³⁵.</span> <span class='ocrx_word' id='word_1_152' title='bbox 699 3095 817 3194; x_wconf 74' lang='lat' dir='ltr'>Atque</span> <span class='ocrx_word' id='word_1_153' title='bbox 832 3093 923 3165; x_wconf 88' lang='lat' dir='ltr'>haec</span> <span class='ocrx_word' id='word_1_154' title='bbox 940 3093 1155 3167; x_wconf 87' lang='lat' dir='ltr'>domestica:</span> 
     </span>
     <span class='ocr_line' id='line_1_24' title="bbox 147 3218 1156 3320; baseline 0.004 -30"><span class='ocrx_word' id='word_1_155' title='bbox 147 3219 234 3320; x_wconf 80' lang='lat' dir='ltr'>qnid</span> <span class='ocrx_word' id='word_1_156' title='bbox 256 3218 317 3290; x_wconf 89' lang='lat' dir='ltr'>illa</span> <span class='ocrx_word' id='word_1_157' title='bbox 342 3219 486 3292; x_wconf 88' lang='lat' dir='ltr'>tandem</span> <span class='ocrx_word' id='word_1_158' title='bbox 509 3219 760 3320; x_wconf 74' lang='lat' dir='ltr'>popularia-³⁶?</span> <span class='ocrx_word' id='word_1_159' title='bbox 785 3219 919 3292; x_wconf 84' lang='lat' dir='ltr'>reditus</span> <span class='ocrx_word' id='word_1_160' title='bbox 938 3219 1089 3294; x_wconf 79' lang='lat' dir='ltr'>illnsm’s</span> <span class='ocrx_word' id='word_1_161' title='bbox 1119 3222 1156 3294; x_wconf 91' lang='lat' dir='ltr'>in</span> 
     </span>
     <span class='ocr_line' id='line_1_25' title="bbox 146 3347 1158 3452; baseline 0.005 -34"><span class='ocrx_word' id='word_1_162' title='bbox 146 3347 317 3446; x_wconf 82' lang='lat' dir='ltr'>gratiam,</span> <span class='ocrx_word' id='word_1_163' title='bbox 341 3349 379 3419; x_wconf 93' lang='lat' dir='ltr'>in</span> <span class='ocrx_word' id='word_1_164' title='bbox 404 3375 477 3449; x_wconf 88' lang='lat' dir='ltr'>quo</span> <span class='ocrx_word' id='word_1_165' title='bbox 501 3374 547 3420; x_wconf 90' lang='lat' dir='ltr'>ne</span> <span class='ocrx_word' id='word_1_166' title='bbox 572 3375 638 3447; x_wconf 85' lang='lat' dir='ltr'>per</span> <span class='ocrx_word' id='word_1_167' title='bbox 661 3347 939 3446; x_wconf 82' lang='lat' dir='ltr'>impmdentiam</span> <span class='ocrx_word' id='word_1_168' title='bbox 953 3351 986 3414; x_wconf 77' lang='lat'>³7</span> <span class='ocrx_word' id='word_1_169' title='bbox 1013 3349 1158 3452; x_wconf 89' lang='lat' dir='ltr'>quidem</span> 
     </span>
     <span class='ocr_line' id='line_1_26' title="bbox 146 3475 1160 3578; baseline 0.005 -32"><span class='ocrx_word' id='word_1_170' title='bbox 146 3475 254 3547; x_wconf 86' lang='lat' dir='ltr'>errari</span> <span class='ocrx_word' id='word_1_171' title='bbox 271 3489 411 3574; x_wconf 83' lang='lat' dir='ltr'>potest,</span> <span class='ocrx_word' id='word_1_172' title='bbox 426 3477 500 3548; x_wconf 89' lang='lat' dir='ltr'>sine</span> <span class='ocrx_word' id='word_1_173' title='bbox 517 3477 717 3577; x_wconf 89' lang='lat' dir='ltr'>suspicione</span> <span class='ocrx_word' id='word_1_174' title='bbox 734 3477 925 3576; x_wconf 70' lang='lat' dir='ltr'>perfidiae,</span> <span class='ocrx_word' id='word_1_175' title='bbox 949 3477 1160 3578; x_wconf 82' lang='lat' dir='ltr'>amplissimi</span> 
     </span>
    </p>
   </div>
   <div class='ocr_carea' id='block_1_4' title="bbox 144 3600 1163 3829">
    <p class='ocr_par' dir='ltr' id='par_1_5' title="bbox 144 3600 1163 3829">
     <span class='ocr_line' id='line_1_27' title="bbox 144 3600 1161 3706; baseline 0.005 -33"><span class='ocrx_word' id='word_1_176' title='bbox 144 3600 334 3675; x_wconf 87' lang='lat' dir='ltr'>sacerdotii</span> <span class='ocrx_word' id='word_1_177' title='bbox 359 3601 562 3701; x_wconf 79' lang='lat' dir='ltr'>collegium,</span> <span class='ocrx_word' id='word_1_178' title='bbox 585 3605 624 3675; x_wconf 92' lang='lat' dir='ltr'>in</span> <span class='ocrx_word' id='word_1_179' title='bbox 649 3629 720 3706; x_wconf 90' lang='lat' dir='ltr'>quo</span> <span class='ocrx_word' id='word_1_180' title='bbox 744 3629 819 3677; x_wconf 90' lang='lat' dir='ltr'>non</span> <span class='ocrx_word' id='word_1_181' title='bbox 836 3602 944 3677; x_wconf 89' lang='lat' dir='ltr'>modo</span> <span class='ocrx_word' id='word_1_182' title='bbox 963 3605 1161 3678; x_wconf 84' lang='lat' dir='ltr'>amicitiam</span> 
     </span>
     <span class='ocr_line' id='line_1_28' title="bbox 144 3727 1163 3829; baseline 0.006 -30"><span class='ocrx_word' id='word_1_183' title='bbox 144 3727 271 3801; x_wconf 83' lang='lat' dir='ltr'>violari</span> <span class='ocrx_word' id='word_1_184' title='bbox 295 3730 393 3827; x_wconf 85' lang='lat' dir='ltr'>apud</span> <span class='ocrx_word' id='word_1_185' title='bbox 416 3733 567 3804; x_wconf 77' lang='lat' dir='ltr'>maioms</span> <span class='ocrx_word' id='word_1_186' title='bbox 593 3745 735 3805; x_wconf 85' lang='lat' dir='ltr'>nostros</span> <span class='ocrx_word' id='word_1_187' title='bbox 768 3731 821 3804; x_wconf 85' lang='lat' dir='ltr'>fas</span> <span class='ocrx_word' id='word_1_188' title='bbox 852 3756 927 3802; x_wconf 93' lang='lat' dir='ltr'>non</span> <span class='ocrx_word' id='word_1_189' title='bbox 958 3744 1056 3829; x_wconf 86' lang='lat' dir='ltr'>erat,</span> <span class='ocrx_word' id='word_1_190' title='bbox 1096 3732 1163 3805; x_wconf 84' lang='lat' dir='ltr'>scd</span> 
     </span>
    </p>
   </div>
   <div class='ocr_carea' id='block_1_5' title="bbox 143 3856 1154 3961">
    <p class='ocr_par' dir='ltr' id='par_1_6' title="bbox 143 3856 1154 3961">
     <span class='ocr_line' id='line_1_29' title="bbox 143 3856 1154 3961; baseline 0.003 -33"><span class='ocrx_word' id='word_1_191' title='bbox 143 3879 190 3928; x_wconf 86' lang='lat' dir='ltr'>nc</span> <span class='ocrx_word' id='word_1_192' title='bbox 205 3856 367 3956; x_wconf 86' lang='lat' dir='ltr'>cooptari</span> <span class='ocrx_word' id='word_1_193' title='bbox 382 3859 416 3909; x_wconf 77' lang='lat'>³⁸</span> <span class='ocrx_word' id='word_1_194' title='bbox 436 3859 580 3961; x_wconf 87' lang='lat' dir='ltr'>quidem</span> <span class='ocrx_word' id='word_1_195' title='bbox 596 3859 818 3933; x_wconf 83' lang='lat' dir='ltr'>sacerdotem</span> <span class='ocrx_word' id='word_1_196' title='bbox 833 3856 980 3955; x_wconf 86' lang='lat' dir='ltr'>licebat,</span> <span class='ocrx_word' id='word_1_197' title='bbox 998 3858 1065 3959; x_wconf 89' lang='lat' dir='ltr'>qui</span> <span class='ocrx_word' id='word_1_198' title='bbox 1081 3859 1154 3932; x_wconf 86' lang='lat' dir='ltr'>cui·</span> 
     </span>
    </p>
   </div>
   <div class='ocr_carea' id='block_1_6' title="bbox 0 0 1318 4854">
    <p class='ocr_par' dir='ltr' id='par_1_7' title="bbox 0 0 1318 4854">
     <span class='ocr_line' id='line_1_30' title="bbox 0 0 1318 4854; baseline 0 0"><span class='ocrx_word' id='word_1_199' title='bbox 0 0 1318 4854; x_wconf 95' lang='lat' dir='ltr'> </span> 
     </span>
    </p>
   </div>
  </div>
 </body>
</html>
