2626 4854
161 342 204 387 η
506 338 677 385 muron
699 339 803 384 cumr.
935 339 969 383 ι
984 340 1021 385 r.
1035 341 1067 385 r.
1083 340 1138 400 ,ιι

151 437 1025 536 menmlilienterridet3sedmodosuccmset,
1047 441 1163 513 modo

133 558 280 665 'gratias
303 567 417 662 agit⁶.
441 563 539 637 Nihil
563 566 659 636 enim
683 591 704 637 a
728 590 787 635 me
810 566 853 636 fit
876 565 1162 640 mmullaillius

151 691 374 765 contumelia
408 690 676 763 Tantummodo
709 690 956 763 dissimilitudo
980 719 1083 765 meae
1107 720 1163 767 ra-

151 820 257 892 tionis
281 816 431 891 oll'endit
455 818 645 890 bominem
678 817 778 908 Quid
802 819 898 888 enim
927 833 1048 917 potest
1082 847 1161 893 csse

151 960 225 1018 tam
241 944 426 1042 dissimile,
441 971 550 1044 quam
565 944 628 1016 illo
643 945 841 1042 imperante
856 944 1064 1016 exhaustam
1082 972 1161 1018 esse

150 1071 324 1143 sumtibus
348 1084 385 1141 et
408 1071 551 1142 iacturis
576 1070 812 1168 provinciam,
835 1069 939 1141 uobis
962 1097 1043 1142 eam
1064 1071 1160 1144 obti-

145 1195 316 1287 ‚uentibus
340 1223 525 1268 nummum
548 1194 686 1267 nullum
711 1221 788 1267 esse
804 1210 988 1292 erogatum
1001 1222 1071 1269 nec
1087 1199 1159 1296 pri-

150 1324 280 1420 vatim,
310 1348 377 1394 uec
408 1320 570 1420 publicel
601 1322 700 1412 Quid
725 1321 841 1393 dicam
867 1321 913 1392 de
935 1321 1028 1395 illius
1053 1350 1158 1422 prae·

149 1448 269 1546 lectis,
292 1447 497 1546 comitibus,
519 1447 662 1545 legatisl
679 1447 792 1548 quid⁷
812 1449 919 1518 etiam
939 1447 985 1519 de
1006 1451 1159 1548 rapinis,

151 1574 197 1648 de
225 1573 449 1671 libidinibus,
473 1573 519 1645 de
543 1572 786 1645 contumeliisl
811 1573 916 1646 Nunc
941 1588 1062 1647 autem
1093 1575 1158 1648 do-

152 1727 230 1773 mus
254 1699 455 1772 mehercule
470 1699 567 1771 nulla
584 1714 685 1772 tanto
710 1697 875 1796 consilio,
900 1713 962 1770 aut
985 1714 1088 1773 tanta
1104 1701 1159 1773 di-

151 1825 299 1925 sciplina
325 1825 551 1923 gubernatur,
577 1839 639 1897 aut
664 1839 737 1896 tam
765 1825 928 1897 modesta
953 1839 1024 1921 est,
1049 1852 1158 1926 quam

149 1965 270 2024 nostra
296 1965 372 2023 tota
397 1953 592 2051 provincia.
618 1952 750 2024 Haec⁸
775 1950 935 2023 nonnulli
959 1953 1064 2023 amici
1080 1954 1157 2051 Ap-

149 2077 201 2178 pii
225 2077 370 2151 ridicule
394 2079 684 2178 interpretantur,
709 2080 769 2178 qui
792 2104 849 2148 me
873 2078 1002 2150 iccirco
1026 2092 1157 2178 putant

149 2202 241 2275 bene
272 2202 391 2275 audire
417 2202 525 2300 velle,
550 2217 590 2275 ut
620 2203 678 2275 ille
711 2202 801 2275 male
834 2202 975 2300 audiat,
999 2217 1036 2274 et
1059 2217 1157 2276 recte

150 2332 263 2404 lacere
298 2356 373 2403 non
407 2356 505 2402 meae
537 2329 667 2427 laudis,
701 2329 765 2403 sed
796 2329 888 2403 illius
923 2331 1156 2403 contumeliae

151 2481 265 2529 causa.
298 2455 359 2527 Sin
384 2456 543 2555 Appius,
568 2471 609 2529 ut
639 2457 740 2531 Bruti
771 2455 909 2553 literae,
933 2483 1020 2557 quas
1046 2455 1093 2528 ad
1118 2470 1155 2527 te

149 2581 229 2655 misi
246 2597 273 2679 9,
298 2581 563 2680 significabant,
588 2584 716 2680 gratias
741 2582 845 2655 nobis
870 2582 959 2680 agit,
981 2608 1057 2654 non
1081 2608 1156 2655 mo-

149 2705 236 2780 leste
268 2707 360 2807 lere,
393 2707 457 2780 sed
486 2723 605 2781 tamen
641 2734 684 2781 eo
703 2710 794 2809 ipso
829 2708 886 2781 die
905 2725 945 2807 ¹⁰,
970 2735 1042 2809 quo
1066 2705 1156 2781 haec

151 2847 233 2906 ante
257 2832 372 2906 lucem
397 2834 610 2932 scribebam,
639 2835 837 2932 cogitabam
862 2835 935 2907 eius
960 2833 1072 2907 multa
1088 2835 1156 2906 ini·

151 2984 219 3060 que
244 2961 434 3032 constituta
460 2973 496 3032 et
522 2974 601 3032 acta
626 2959 757 3033 tollere.

201 3083 223 3158 3
249 3083 352 3158 Nunc
385 3085 490 3158 venio
527 3085 574 3158 ad
609 3087 777 3185 Brutum,
811 3113 915 3189 quem
953 3114 1017 3184 ego
1056 3089 1155 3160 omni

150 3209 285 3309 studi0,
310 3224 345 3282 te
371 3225 532 3312 auctore,
556 3239 635 3285 sum
667 3211 890 3313 complexus,
917 3239 1022 3314 quem
1048 3215 1154 3286 etiam

151 3362 267 3409 amare
300 3362 501 3438 coeperam,
527 3338 611 3437 sed,
644 3339 744 3438 dico,
774 3342 940 3414 revocavi
967 3365 1023 3411 me
1043 3355 1084 3437 ¹1,
1109 3365 1155 3410 ne

150 3476 186 3535 tc
211 3461 432 3536 offenderem.
465 3463 548 3538 Noli
581 3467 675 3539 enim
706 3480 852 3566 putare,
877 3492 934 3537 me
967 3466 1155 3567 quicquam

149 3586 327 3686 maluisse,
353 3616 475 3690 quam,
491 3604 531 3663 ut
549 3591 693 3664 mandat
717 3593 766 3691 is,
790 3591 1060 3690 facere125nec
1082 3592 1153 3663 ulla

151 3713 196 3786 de
221 3741 258 3787 re
282 3714 361 3815 plus
386 3697 571 3791 laboiasse.
598 3718 848 3792 Mandatorum
873 3733 990 3791 autem
1007 3718 1094 3790 mihi
1110 3717 1151 3789 li-

150 3839 281 3914 bellum
307 3841 417 3940 dedit,
442 3843 635 3944 iisdemque
662 3845 706 3917 de
732 3845 834 3918 rebus
854 3860 893 3918 tu
912 3871 1048 3917 mecum
1074 3870 1151 3941 ege·
