2626 4854
155 314 226 387 250
491 336 661 385 rrrsroua
686 337 817 385 ccxcix.
935 334 969 385 a
985 340 1022 387 v.
1039 339 1068 388 c
1086 340 1132 403 7⁰³

151 452 338 514 tenturum.
363 439 425 511 Sin
449 453 567 513 autem
591 439 649 513 ille
673 440 820 538 fureret3
844 437 1076 515 vehementer
1091 442 1152 517 ho-

150 568 283 640 minem
299 565 568 666 contemnebat,
584 579 621 640 et
637 567 726 666 suis,
743 581 780 640 et
795 566 847 639 rei
864 565 1031 667 publicae
1049 568 1153 669 copiis

147 693 361 795 confidebat
387 693 485 786 Quid
509 693 669 796 quaeris?
705 695 771 768 etsi
802 692 892 767 mihi
927 692 1054 768 crebro
1081 699 1153 797 ξυνδς

150 825 283 900 ἐνυάλιος
313 819 539 920 occurrebat,
575 834 694 894 tamen
726 817 872 893 levabar
902 846 1007 918 eura,
1044 821 1153 894 virum

149 945 279 1020 fortem
302 959 338 1018 et
362 946 531 1046 peritum,
562 959 599 1020 et
622 945 817 1046 plurimum
848 948 1068 1020 auctoritate
1101 972 1152 1022 va·

149 1070 283 1147 lentem
307 1071 453 1146 audiens
478 1076 634 1153 πολιτικῶς
660 1072 705 1145 de
731 1073 830 1174 pacis
856 1072 1077 1146 simulataeo
1100 1100 1152 1174 pe-

150 1200 267 1273 riculis
292 1198 529 1274 disserentem.
555 1199 782 1273 Habebamus
799 1212 918 1273 autem
935 1200 976 1272 in
995 1198 1150 1285 manibus

150 1326 297 1399 Antonii
328 1328 553 1426 concionem,
590 1325 747 1399 habitam
760 1326 811 1400 X
836 1324 916 1399 Kal.
950 1328 1149 1426 Ianuariae,

41 1467 46 1476 '
150 1454 188 1525 in
214 1479 283 1554 qua
308 1465 383 1526 erat
407 1455 584 1527 accusatio
609 1454 773 1553 Pompeii
797 1478 909 1555 usque
939 1480 961 1525 a
987 1467 1072 1551 toga
1096 1480 1151 1554 pu·

150 1606 190 1652 ra
218 1596 246 1629 ¹⁰
254 1636 264 1679 7
289 1578 430 1681 querela
455 1578 499 1652 de
525 1579 725 1679 damnatis,
749 1592 863 1653 terror
889 1604 1095 1679 armorum3
1121 1580 1152 1651 in

151 1705 279 1807 quibus
302 1705 362 1779 ille
380 1720 428 1805 ¹¹,
454 1705 540 1807 quid
565 1732 704 1805 censes,
729 1705 863 1805 aiebat,
887 1705 1065 1781 facturum
1088 1731 1151 1780 esse

150 1834 288 1933 ipsum,
324 1834 355 1906 si
385 1835 423 1906 in
448 1834 706 1933 possessiouem
729 1833 779 1906 rei
806 1831 980 1933 publicae
1006 1832 1136 1907 venerit
1143 1888 1152 1928 ,

151 1986 262 2060 quum
285 1958 373 2033 haec
399 1973 563 2060 quaestor
595 1960 738 2059 eius12',
772 1960 933 2032 infirmus
968 1971 1006 2032 et
1039 1960 1150 2059 inope,

152 2087 280 2160 audeat
305 2085 441 2160 diceret
466 2087 563 2181 Quid
587 2085 723 2160 multa?
757 2112 831 2160 uon
864 2084 975 2159 modo
1001 2110 1078 2159 non
1100 2110 1149 2157 ex-

151 2228 271 2314 petere
296 2240 422 2315 pacem
446 2216 568 2313 istam7
600 2214 664 2287 sed
695 2214 802 2288 etiam
826 2216 950 2286 timere
976 2212 1073 2287 visus
1096 2224 1148 2286 est.

149 2338 215 2413 Illa
233 2353 349 2412 autem
367 2341 539 2413 sententia
551 2343 600 2412 ita
611 2339 861 2442 relinquendae
875 2338 973 2413 urbis
989 2340 1021 2390 ¹³
1039 2350 1147 2413 movet
1187 2370 1191 2389 ·

150 2464 347 2565 hominem,
364 2479 404 2538 ut
423 2481 519 2567 puto.
532 2467 621 2542 Mihi
633 2482 751 2540 autem
766 2466 856 2540 illud
868 2466 1147 2539 molestissimum

150 2605 220 2691 est,
246 2593 343 2694 quod
368 2592 528 2667 solvendi
552 2609 635 2667 sunt
659 2595 793 2667 nummi
819 2592 942 2667 Cesari
969 2591 1019 2692 ¹4,
1047 2605 1082 2665 et
1103 2591 1146 2693 iu·

151 2734 385 2795 strumentum
410 2722 579 2822 triumphi
604 2747 646 2794 eo
673 2719 934 2795 conferendum.
969 2709 1038 2794 Est
1064 2719 1144 2791 enin

151 2856 309 2942 ἄμορφον,
326 2853 616 2944 ἀντιπολιτευομένου
632 2852 849 2945 χρεωφειλέτην
862 2873 948 2920 esse.
961 2846 1035 2920 Sed
1057 2846 1143 2939 haec,

151 2985 188 3043 et
212 2972 322 3046 multa
348 2974 415 3048 alia
441 3002 572 3049 coram.

598 3232 700 3304 CCC.
889 3269 946 3328 (aa
963 3269 1014 3316 Αιι.
1030 3268 1084 3326 vu,
1095 3264 1123 3326 9)

150 3402 370 3482 Argumentum.
383 3405 464 3466 Pent
484 3407 522 3466 ab
538 3409 652 3479 Attico,
671 3418 707 3467 ut
720 3405 775 3466 sibi
791 3405 887 3477 dicat,
902 3405 975 3487 quid
992 3407 1068 3465 inter
1080 3400 1137 3462 Cae

190 3512 264 3570 saris
279 3521 308 3571 et
321 3512 460 3594 Pompeii
474 3514 594 3574 dissidia
606 3535 640 3574 ex
652 3513 791 3596 pluribus
804 3512 901 3589 maiis,
915 3533 1047 3594 quorum
1061 3522 1134 3569 uuum

189 3615 381 3679 subeundum
403 3623 455 3692 sit,
476 3624 634 3682 minimum
657 3630 753 3703 putet.
