2626 4854
176 377 222 446 82
522 393 693 442 nrrsrom
719 395 828 441 ccnxr.
852 362 858 373 ⁶
957 391 987 441 A.
1001 393 1034 441 v.
1055 392 1085 438 c.
1105 391 1157 453 με

175 497 418 594 amicissimus,
432 495 558 568 ‘hostis
591 522 721 593 essem,
753 495 910 595 placarer
942 506 1083 592 tumen,
1119 508 1180 567 to·

175 620 318 722 tumque
343 647 399 692 me
426 619 471 693 ad
496 622 568 693 eius
586 622 673 719 viriq
690 621 738 692 ita
756 619 801 691 de
817 644 874 692 me
890 618 1023 718 meriti,
1048 617 1181 692 volun·

174 763 283 821 tatem
309 761 502 847 nutumque
529 760 778 820 converterem.
805 745 875 817 Sed
890 744 978 818 haec
995 745 1177 818 hactenus.

174 872 336 946 Pluribus
354 874 446 945 enim
463 875 568 946 etiam
593 873 738 946 fortasse
756 872 889 972 verbis,
910 898 1016 973 quam
1032 897 1176 945 necesse

173 1001 257 1098 fuit,
281 1002 411 1099 scripta
437 1013 526 1072 sunt.
613 1076 617 1083 ,

223 1128 247 1219 4
271 1125 374 1199 Nunc
400 1152 458 1223 ea,
483 1151 572 1226 quae
597 1152 619 1197 a
643 1151 699 1196 me
725 1125 897 1223 perfecta,
931 1149 1091 1226 quaeque
1122 1126 1173 1196 in-

167 1254 293 1325 stituta
319 1266 417 1352 sunt,
442 1278 614 1351 cognosce
631 1252 664 1318 4⁶
681 1251 743 1322 ***.
769 1255 884 1353 Atque
909 1251 997 1323 haec
1023 1252 1173 1348 agimus,

173 1393 209 1450 et
226 1405 365 1477 agemus
382 1381 491 1475 magis
508 1404 574 1477 pro
593 1377 783 1477 dignitate,
809 1402 913 1479 quam
931 1402 996 1475 pro
1015 1375 1173 1475 periculo

171 1519 243 1575 tuo.
260 1504 311 1575 Te
337 1505 430 1575 enim
457 1514 513 1590 (ut
530 1516 651 1602 spero)
679 1503 886 1602 propediem
913 1525 1184 1581 censoremau-

172 1629 322 1701 dieruus:
341 1630 437 1701 cuius
451 1631 670 1726 magistratus
684 1629 818 1726 officia,
835 1640 1019 1729 quaesunt
1033 1627 1184 1697 maxim=

172 1757 278 1827 animi
303 1754 498 1856 summique
533 1754 685 1854 consilii,
719 1753 782 1826 tibi
817 1752 1017 1851 diligentius
1048 1766 1085 1824 et
1117 1778 1184 1826 etc-.-

173 1883 344 1981 curatius,
371 1908 477 1983 quam
502 1881 606 1978 haec,
631 1907 720 1982 quae
745 1907 810 1954 uos
829 1881 872 1953 de
888 1893 922 1952 te
940 1874 1093 1978 agimus,
1118 1903 1184 1958 cc:

173 2007 313 2104 gitanda
340 2034 414 2079 esse
441 2034 576 2082 censeo.
601 2006 699 2081 Vale.
766 2005 769 2010 ’

587 2261 759 2334 CCLXII.
922 2300 1039 2360 (Adtniv.
1053 2301 1089 2363 n,
1106 2315 1184 2371 Q

148 2436 387 2514 ‘Argumentum
409 2437 441 2495 C.
463 2437 598 2497 Caelium
625 2439 753 2497 Caldam
783 2437 839 2498 sibi
871 2449 1061 2518 quaestorem
1089 2436 1184 2509 οξ

208 2543 303 2621 gisse‚
324 2542 471 2619 laetatur3
492 2564 623 2623 eumque
645 2544 805 2617 hortatur,
825 2555 858 2603 ut
878 2543 995 2603 festinet
1016 2543 1055 2603 ad
1076 2565 1105 2604 se

207 2651 272 2708 nire
293 2660 381 2720 aute,
403 2671 493 2729 quam
516 2653 579 2731 ipsc
600 2650 731 2710 decedat.

262 2881 316 2932 Ser.
335 2882 362 2930 in
380 2882 467 2932 Cilicia
485 2883 516 2933 Α.
534 2883 566 2934 V.
586 2884 613 2934 C.
634 2884 757 2949 Dccm,
776 2893 834 2952 post
852 2885 882 2936 X.
901 2884 959 2936 Kat.
978 2885 1071 2954 Quint.

227 3153 269 3213 Μ.
296 3154 331 3214 Τ.
357 3154 500 3220 CICERO
524 3157 607 3220 IMP.
634 3159 666 3220 C.
693 3158 836 3223 CAELIO
861 3160 895 3221 L.
920 3159 951 3222 F.
977 3159 1106 3223 CALDO

441 3275 669 3352 QVAESTORI
699 3276 785 3339 DES.
811 3278 840 3340 S.
864 3277 900 3339 D.

216 3511 335 3598 Quum
373 3515 631 3610 optatissimum
672 3520 834 3591 nuntium
862 3521 1094 3626 accepissem,
1120 3536 1154 3595 te

165 3633 252 3704 mihi
269 3650 517 3733 quaestorem1
546 3641 728 3741 obtigisse,
753 3670 796 3718 eo
821 3644 1160 3746 iucmrdioremjmihi

166 3786 243 3831 cam
269 3775 400 3833 sortem
417 3766 599 3863 sperabam
618 3768 710 3868 fore,
736 3797 807 3871 quo
825 3770 954 3843 diutius
971 3755 1013 3844 in¹
1027 3776 1160 3871 provin-

168 3885 220 3961 cia
245 3912 382 3960 mecum
407 3891 537 3965 fuisses.
564 3896 682 3993 Magni
716 3900 809 3971 enim
842 3896 1030 3971 videbatur
1060 3899 1161 3982 iuter÷
