2626 4854
536 368 574 417 m
598 362 790 417 srrsroms
1094 346 1162 421 301'

159 473 198 533 30
219 473 264 532 Ita
285 469 494 553 compellavit3
514 490 570 552 ego
592 462 764 530 Culleolum
784 468 833 530 vix
856 467 1000 529 auderem
1030 471 1168 553 compel-

198 578 271 638 lare.
294 576 448 637 Culleolus
468 575 520 636 hie
539 575 633 636 homo
648 575 717 636 vilis
733 574 828 635 'fuisse
848 576 930 636 visus
951 585 997 636 est
1016 575 1170 658 Popmae,

198 703 276 754 uon,
296 693 331 743 ut
353 682 505 745 Corradus
526 684 689 754 existimat,
710 679 761 741 ille
782 680 897 762 Illyrici
922 680 1108 764 praefectus,
1127 681 1169 744 ad

198 811 291 872 quem
306 801 376 851 sunt
390 811 458 872 epp.
473 790 582 850 CLXll
597 801 627 850 ct
641 784 775 849 CLXlll.
798 787 882 848 Infra
895 788 983 851 multi
997 787 1067 850 libri
1078 809 1167 871 prae-

190 896 290 979 ficto,
311 910 342 957 et
362 898 499 957 vitiosius
517 895 650 979 proferto
671 893 810 978 respondi
829 890 885 956 ete.
1170 900 1173 907 '

158 1005 192 1063 31
220 1004 270 1065 Sic
290 1003 399 1064 maluit
418 1005 571 1086 corrigere
590 1003 698 1064 Bosius
719 1004 899 1063 auctoritate
918 1002 1009 1063 unius
1030 1000 1165 1076 codicis,

196 1119 228 1169 et
247 1107 380 1171 defendit
403 1111 568 1183 Graevius,
591 1109 720 1172 atterens
748 1104 883 1192 exempla
909 1108 1001 1170 huius
1021 1110 1104 1169 vocis
1125 1129 1162 1170 ex

198 1215 313 1277 Seneca
325 1217 364 1278 de
379 1218 492 1300 Tranq.
513 1219 605 1278 animi
620 1238 645 1278 c.
661 1237 694 1290 2,
708 1216 789 1279 etde
804 1213 979 1278 Constantia
992 1215 1059 1298 sup.
1074 1236 1099 1277 c.
1114 1235 1167 1298 19,

196 1333 289 1404 atque
303 1344 338 1384 ex
352 1326 450 1386 Livio.
473 1323 534 1385 Sed
548 1323 692 1386 Senecam
713 1322 789 1385 nihil
810 1340 924 1384 moror.
944 1322 1001 1383 Est
1013 1322 1095 1383 e'nim
1108 1344 1164 1383 au-

195 1428 269 1491 thor
289 1434 466 1493 senescentis
486 1432 649 1493 latinitatis.
670 1431 764 1511 Quod
785 1429 823 1491 ad
844 1431 965 1491 Livium
979 1431 1100 1502 attinet,
1115 1428 1163 1489 lo-

196 1558 268 1610 cus,
290 1541 341 1619 qui
364 1559 382 1598 a
403 1539 534 1599 Graevio
556 1538 698 1610 affertur,
724 1540 790 1620 ipse
816 1548 860 1598 est
887 1535 945 1597 sub
973 1535 1089 1608 iudice,
1109 1555 1167 1596 nec

195 1645 332 1705 consules
351 1645 457 1707 obirati
475 1646 604 1718 senatui,
623 1643 676 1706 sed
696 1643 830 1706 consules
850 1643 888 1705 ob
908 1661 945 1703 ea
965 1643 1035 1703 irati
1050 1644 1169 1705 sensuri

196 1750 302 1812 scribit
322 1752 426 1813 Livius
446 1752 551 1825 XLll,
576 1773 620 1814 ro.
642 1752 785 1813 Ceterum
805 1760 851 1812 est
870 1750 946 1811 alius
967 1748 1051 1810 locus
1078 1748 1162 1831 apud
1263 1822 1266 1829 Ι

194 1859 319 1919 Livium
340 1859 371 1932 1,
393 1860 448 1932 31,
468 1858 521 1920 ubi
543 1860 650 1920 obirati
674 1858 804 1940 legitur,
827 1855 910 1940 quod
929 1867 1032 1917 tamen
1047 1857 1078 1914 in
1091 1855 1163 1916 sub-

196 1965 265 2024 irati
284 1964 463 2025 mutandum
483 1965 646 2027 videbatur
660 1965 839 2026 ¹Perizonio:
861 1962 937 2023 a'deo
957 1961 1087 2023 insolens
1106 1981 1163 2022 ro-

196 2069 341 2130 cabulum
362 2081 414 2132 est.
435 2072 522 2133 Libri
544 2083 660 2133 veteres
680 2072 866 2155 operatione,
880 2069 964 2152 quod
982 2070 1014 2128 in
1035 2069 1166 2141 ratione,

195 2176 244 2237 vel
265 2177 414 2252 oratione,
433 2178 481 2240 vel
498 2180 706 2261 peroratione,
726 2178 773 2239 vel
794 2178 977 2239 aberratione
991 2185 1163 2237 correctum

195 2283 256 2344 fuit
276 2305 295 2344 a
315 2286 413 2346 variis.
1014 2285 1017 2292 '

157 2392 194 2450 32
217 2389 306 2452 Amb.
331 2390 368 2452 16
388 2402 419 2452 et
437 2390 533 2453 Laud.
555 2414 625 2454 cum
645 2388 797 2453 Lambino
817 2393 920 2475 scripsi
931 2391 1165 2474 diligentissime3

196 2499 324 2570 rectius,
344 2500 466 2580 opinor:
486 2520 559 2560 nam
580 2498 795 2580 diligentissime
816 2503 893 2560 inest
913 2502 944 2559 in
961 2500 1129 2582 perscripsi.

154 2604 192 2663 33
213 2602 322 2664 Lamb.
343 2616 373 2665 et
392 2605 583 2666 ἀκοινώνητον.

154 2710 194 2787 34
213 2709 278 2770 Pro
303 2712 524 2784 contemnebat,
551 2711 635 2795 quod
663 2734 757 2795 genus
783 2713 928 2794 loquendi
954 2712 1097 2795 frequens
1118 2723 1164 2774 est

192 2815 392 2898 scriptoribus
412 2817 536 2878 Latinis.
563 2818 711 2893 Granius,
730 2822 845 2902 inquit,
865 2840 957 2901 quem
977 2819 1163 2902 potentiores

116 2958 120 2968 ·
191 2921 417 3004 despiciebant,
437 2927 501 3007 ipse
522 2945 635 2987 senon
656 2925 882 2999 contemnebat,
903 2925 956 2989 sed
969 2925 1094 3008 plurimi
1115 2923 1164 2985 fe·

192 3027 308 3105 ciebat3
330 3030 472 3113 idemque
486 3053 572 3113 reges
586 3028 693 3094 oderat
707 3032 872 3115 superbos,
893 3031 953 3094 hoc
973 3044 1019 3094 est
1039 3053 1165 3116 magna-

192 3147 238 3196 tes
258 3136 341 3210 illos,
361 3140 414 3219 qui
435 3140 536 3220 ipsum
556 3137 712 3222 despectui
725 3139 891 3201 habebant.
912 3139 971 3201 Hic
984 3141 1090 3201 Cicero
1104 3139 1163 3202 sibi

190 3253 293 3324 partes
313 3245 407 3305 sumit
425 3244 531 3306 Granii
551 3247 718 3319 Luciliani,
739 3258 775 3308 ut
794 3247 881 3310 Bruti
895 3247 1006 3309 fastum
1027 3259 1058 3308 et
1078 3268 1164 3308 erro-

191 3351 327 3430 gantiam
351 3351 509 3424 retundet,
535 3364 724 3436 usurpatque
751 3375 854 3415 versus
880 3355 1012 3430 Lucilii,
1033 3375 1111 3439 quos
1131 3357 1163 3414 in

192 3476 247 3516 ore
266 3455 441 3539 frequenter
461 3460 576 3519 Atticus
597 3458 740 3521 habebat.
762 3461 878 3524 Bosins.

148 3561 193 3624 35
214 3565 314 3623 Immo
336 3575 415 3625 certe
437 3564 517 3646 legit.

149 3668 192 3730 36
213 3668 349 3743 Scilicet,
371 3683 437 3732 tna:
467 3672 617 3750 Quintum
643 3673 768 3736 fratrem
792 3679 820 3736 ei
840 3678 981 3739 nuntium
1008 3675 1162 3737 remittere

192 3776 279 3838 velle.
301 3776 355 3839 Ad
373 3799 431 3851 mc,
451 3780 596 3839 nimirum
619 3785 796 3865 scripseras3
816 3784 885 3846 vide
905 3805 952 3866 ep.
973 3781 1112 3857 CCLV1‚
1138 3800 1183 3844 r.·

151 3884 192 3965 37
214 3882 284 3946 Hoc
308 3895 371 3959 est,
392 3906 487 3971 quum
513 3886 576 3949 ludi
606 3888 777 3971 gladiatorii
810 3891 978 3952 Laodiceae
999 3888 1163 3967 darentur3
