2678 4860
259 342 326 412 118
576 359 747 409 nrrsronn
773 360 941 409 cenxvnr.
1041 357 1118 410 av.
1138 361 1166 408 c.
1187 360 1236 422 7⁰³

251 466 386 539 honore
423 478 545 536 nostro
562 480 587 534 9.
615 462 724 554 Quod
756 462 851 535 enim
885 475 925 534 tu
960 460 1099 560 aluisti,
1136 488 1263 537 vereor

252 606 293 665 ut
317 593 399 665 satis
416 590 608 688 diligenter
634 603 753 662 actum
780 591 819 663 in
849 601 973 662 senatu
1002 587 1048 660 sit
1077 587 1121 660 de
1151 587 1262 663 literis

253 720 339 792 meis
359 736 399 790 ¹⁰.
424 717 517 790 Illud
542 731 722 816 praeterea
740 713 1022 817 ρινοτικώτερονπᾶ
1039 728 1074 787 te
1092 714 1264 804 scribam3

254 861 294 920 tu
320 845 476 945 sagacius
501 843 712 917 adorabere:
737 828 791 922 τής
808 844 963 940 δάμαρτός
982 869 1040 935 μον
1055 846 1074 911 o‘
1087 840 1259 913 ἀπελεύέε-

175 982 179 988 ’
253 1002 305 1071 ρος
339 972 454 1063 (οἶσθα
487 973 519 1040 ὃν
551 975 627 1066 λέγω
640 979 689 1061 ¹¹)
716 971 802 1072 ἔδοξέ
826 998 875 1062 ροι
901 974 1024 1065 πρώην,
1049 970 1082 1069 ἐξ
1113 966 1155 1036 ὧν
1187 960 1261 1041 alo-

254 1108 407 1195 ρενόρενος
439 1104 684 1197 παρεφθέγγετο,
714 1103 914 1194 πεφνραιιέναι
935 1111 965 1147 ¹²
991 1098 1044 1174 τοὶς
1079 1100 1197 1188 ψήφους
1229 1099 1262 1164 ἐκ

255 1239 309 1306 τῆς
335 1233 412 1304 ὠνής
437 1237 495 1296 τῶν
521 1226 713 1322 ὑπαρχόντων
737 1233 790 1294 τοῦ
822 1229 1033 1321 Κροτωνιάτου
1066 1229 1260 1319 τνραννοκτό-

257 1381 306 1424 νον
326 1355 365 1424 ¹³.
391 1353 522 1435 Δέδοικα
547 1353 605 1446 δή,
632 1361 702 1446 μήτι
721 1359 842 1445 νοήσῃς.
870 1351 925 1428 Εἷς
941 1347 972 1416 ¹4
988 1351 1084 1426 δήπου
1108 1359 1195 1419 τοῦτο
1221 1349 1259 1422 δή

256 1485 528 1576 περισκεψάμενος,
552 1481 591 1548 τοὶ
614 1482 706 1549 λοιποὶ
729 1480 941 1580 ἐξασφαλισαι.
966 1475 1049 1549 Non
1075 1501 1165 1577 queo
1184 1490 1262 1549 tan·

256 1621 348 1706 tum,
373 1619 544 1708 quantum
568 1631 708 1704 vereor,
733 1603 944 1677 scribere1⁵.
970 1603 1027 1674 Tu
1052 1617 1170 1676 autem
1187 1602 1262 1703 fac,

254 1745 296 1805 ut
320 1731 406 1804 milri
430 1746 512 1805 tuae
527 1730 648 1806 literae
665 1729 787 1804 volent
812 1729 947 1803 obviae.
974 1730 1074 1802 Haec
1091 1729 1262 1802 festinans

255 1859 379 1958 scripsi
403 1861 442 1932 in
466 1859 589 1932 itinere
614 1871 719 1961 etque
745 1858 893 1957 agmine.
925 1856 1034 1930 Piliae
1059 1870 1096 1928 et
1124 1855 1261 1956 puellae

256 1984 426 2058 Caeciliae
450 1984 659 2059 bellissimae
684 1984 835 2058 salutern
861 1983 967 2056 dices.

665 2238 860 2311 CCLXIX.
986 2280 1054 2334 ,μή
1068 2277 1122 2327 ru,
1137 2279 1191 2341 vr,
1206 2282 1239 2339 ε)

257 2414 478 2495 Argumentum.
504 2437 514 2475 1
539 2414 633 2489 Petit,
646 2426 681 2477 ut
695 2415 751 2476 sibi
765 2437 782 2477 e
795 2418 954 2498 provincia
971 2415 1132 2477 decessuro
1147 2417 1263 2478 Atticus

297 2521 398 2582 literas
418 2521 456 2582 de
476 2522 616 2583 omnibus
637 2523 728 2584 rebus
749 2523 870 2585 obviam
898 2524 1015 2600 mittat3
1036 2544 1054 2582 2
1075 2545 1168 2606 seque
1193 2523 1264 2584 soli-

298 2628 429 2690 citudine
449 2632 622 2712 provinciae
643 2629 703 2693 sub.
720 2633 821 2714 ipsum
841 2630 1019 2692 decessionis
1039 2642 1159 2713 tempus
1174 2630 1263 2692 valde

299 2739 401 2818 urgeri
422 2737 580 2818 significat.

428 2944 481 2994 Ser.
499 2944 571 2994 Tarsi
590 2945 620 2997 A.
640 2945 673 2997 V.
692 2946 719 2996 C.
739 2944 864 3011 DCClll,
884 2944 907 2997 V
926 2945 985 2998 Kal.
1003 2945 1095 3014 Quint.

572 3144 716 3206 CICERO
741 3145 891 3208 ATTICO
921 3145 950 3206 S.

316 3391 329 3435 1
359 3364 461 3439 Nunc
488 3368 630 3468 quidem
656 3370 814 3469 profecto
841 3371 1047 3467 Romaees3
1072 3382 1211 3469 quote,
1235 3371 1264 3441 si

259 3489 308 3562 ita
321 3504 390 3589 est,
407 3492 545 3567 salvum
556 3496 693 3569 venisse
706 3497 841 3595 gaudeo
849 3525 859 3596 5
877 3496 971 3569 unde
985 3493 1126 3597 quidem
1141 3522 1263 3596 quarn-

261 3614 321 3687 diu
347 3617 476 3718 aluisti,
501 3623 612 3719 magis
637 3648 657 3694 a
684 3648 740 3694 me
767 3622 888 3695 abesse
913 3621 1079 3696 videbare
1102 3638 1131 3719 ¹,
1158 3649 1263 3724 quam

260 3741 290 3813 si
316 3741 412 3815 domi
438 3771 537 3819 esses.
565 3748 682 3820 Minus
708 3749 801 3841 enim
833 3748 919 3821 milri
949 3774 1048 3822 meae
1077 3761 1183 3821 notae
1209 3774 1263 3821 res

260 3881 377 3967 erant,
402 3873 517 3946 minus
543 3876 648 3947 eliam
677 3874 847 3973 publicae.
882 3877 1000 3969 Quare
1028 3874 1150 3973 velim,
1182 3876 1264 3971 etsi,
