2678 4860
180 332 226 426 54
523 340 693 400 corstona
719 350 830 400 convr.
953 347 984 397 r.
1003 351 1037 400 v.
1056 350 1085 398 c.
1104 350 1153 413 ,οι

177 457 262 531 ιιὶιιο
285 455 465 554 Scaptium
490 454 680 552 poenitere.
699 451 790 525 Nam
815 449 913 551 quod
938 465 1078 525 senatus
1096 477 1178 525 con·

177 580 307 655 sultum
325 605 398 652 esse
417 577 575 677 dicebat,
592 591 632 650 ut
649 578 702 650 ius
720 603 764 649 ex
773 575 973 675 syngrapha
988 576 1178 684 diceretur,

177 733 219 780 eo
246 704 391 780 consilio
417 704 640 803 factumest,
666 703 762 805 quod
781 703 973 803 pecuniam
999 703 1178 775 Salaminii

56 878 59 889 ·
177 846 299 906 contra
324 830 436 929 legem
461 830 649 907 Gabiniam
672 843 875 902 sumserant.
889 829 1042 902 Votabat
1059 844 1176 901 autem

176 957 257 1031 Auli
272 957 329 1030 lex
347 962 393 1055 ³²,
419 959 471 1031 ius
490 956 561 1029 dici
579 955 622 1028 de
639 957 688 1028 ita
706 969 821 1028 sumta
837 955 995 1056 pecunia.
1011 956 1177 1029 Decrevit

175 1083 281 1182 igitur
306 1096 463 1181 senatus,
487 1096 527 1154 ut
552 1083 604 1154 ius
631 1081 804 1155 diceretur
828 1082 895 1154 ista
917 1080 1117 1181 syngrapha
1135 1082 1175 1152 ³³.

176 1209 278 1282 Nunc
304 1210 369 1281 ista
395 1208 503 1280 babet
526 1208 609 1280 iuris
639 1206 752 1307 idem,
784 1207 880 1308 quod
906 1221 1057 1306 ceterae,
1089 1206 1177 1280 nihil

175 1336 364 1435 praecipui.
383 1335 480 1407 Haec
498 1361 517 1406 a
534 1359 591 1406 me
610 1333 732 1407 ordine
751 1333 858 1431 facta,
883 1348 971 1432 puto
989 1359 1045 1407 me
1062 1335 1173 1406 Bruto

176 1460 422 1559 probaturum,
439 1460 520 1558 tibi,
537 1461 656 1532 nescio
674 1458 723 1557 ³43
741 1460 868 1532 Catoni
886 1471 980 1532 certe
1003 1459 1174 1558 probabo.

175 1586 246 1659 Sed
270 1587 339 1657 iam
365 1584 411 1657 ad
436 1600 470 1658 te
495 1586 611 1684 ipsum
636 1596 800 1659 revertor.
825 1582 902 1658 Ain’
929 1584 1090 1683 tandem,
1115 1585 1178 1657 At-

174 1712 260 1811 tice,
284 1711 445 1784 laudator
469 1712 677 1809 integritatis
703 1725 738 1784 et
764 1711 955 1809 elegantiae
981 1713 1028 1784 ³⁵:
1060 1736 1176 1783 ausus

173 1863 211 1910 es
236 1837 305 1910 boc
329 1863 381 1910 eac
410 1861 471 1910 ore
504 1852 589 1924 tuo,
627 1838 742 1938 inquit
774 1838 933 1936 Ennius,
964 1850 1005 1908 ut
1041 1838 1176 1938 equites

158 1963 317 2066 ,Scaptio
343 1963 390 2035 ad
414 1965 600 2063 pecuniam
626 1962 822 2061 cogendam
839 1963 975 2062 darem,
1000 1988 1057 2036 me
1074 1989 1176 2061 roga-

173 2088 231 2162 rel
256 2090 313 2162 An
338 2103 391 2186 tu,
416 2089 445 2160 si
470 2115 608 2161 mecum
635 2116 740 2187 esses,
781 2089 840 2190 qui
872 2087 995 2162 scribis
1020 2087 1176 2162 morderi

173 2227 208 2286 te
233 2214 426 2313 interdurn,
451 2214 547 2315 quod
572 2239 645 2287 non
671 2214 773 2286 simul
799 2215 862 2314 sis,
887 2229 1046 2315 paterere
1062 2242 1121 2288 me
1137 2214 1176 2288 id

173 2339 309 2437 lacere,
332 2341 362 2411 si
381 2337 527 2412 velleml
552 2339 634 2414 Non
651 2339 820 2440 amplius,
845 2341 979 2442 inquis,
1005 2342 1177 2442 quinqua-

173 2465 278 2562 ginta.
295 2465 385 2537 Cum
402 2464 572 2563 Spartaco
588 2466 704 2538 minus
721 2464 822 2537 multi
840 2468 872 2517 ³⁶
893 2467 1008 2565 primo
1026 2466 1174 2540 fuerunt.

153 2665 156 2672 ,
171 2589 269 2680 Quid
293 2588 437 2662 tandem
461 2591 519 2663 isti
535 2590 618 2664 mali
634 2592 672 2663 in
689 2604 762 2663 tam
779 2605 898 2665 tenera
916 2591 1030 2665 insula
1049 2594 1080 2657 ³⁷
1098 2618 1175 2666 non

169 2713 354 2789 fecissent?
379 2743 451 2790 non
475 2693 640 2791 iecissent
664 2718 809 2791 auteml
844 2720 952 2792 immo
980 2719 1066 2820 quid
1092 2734 1174 2793 ante

97 2891 100 2897 -
171 2840 364 2916 adventum
388 2869 505 2916 meum
531 2871 605 2918 non
629 2845 805 2919 fecerunt?
830 2845 1008 2919 brclusum
1023 2847 1060 2919 in
1078 2849 1174 2920 curia

169 2982 329 3040 senatum
354 2967 553 3043 habuerunt
578 2969 804 3044 Salaminium
834 2971 884 3045 ita
917 2973 1046 3046 multos
1080 2973 1173 3073 dies,

166 3107 208 3164 ut
222 3094 427 3166 interierint
451 3095 612 3168 nonnulli
637 3096 737 3169 fame.
754 3099 844 3170 Erat
860 3098 951 3171 enim
970 3098 1172 3198 praefectus

166 3217 275 3318 Appii
301 3219 484 3319 Scaptius,
509 3235 545 3294 et
568 3221 725 3295 habebat
750 3236 882 3297 turmas
908 3224 953 3296 ab
979 3226 1109 3327 Appio.
1128 3225 1173 3299 ld

165 3367 222 3414 me
247 3344 353 3442 igitur
370 3358 427 3444 tu,
452 3346 549 3420 cuius
567 3347 764 3421 mehercule
782 3375 821 3421 os
839 3349 926 3421 mibi
943 3365 1024 3423 ante
1044 3351 1169 3425 oculos

133 3490 135 3495 ’
166 3467 256 3540 solet
287 3472 440 3570 versari,
473 3499 581 3573 quum
615 3473 658 3546 de
693 3473 809 3575 aliquo
842 3475 958 3550 ollicio
994 3503 1034 3549 ac
1065 3477 1171 3550 laude

165 3596 299 3695 cogito,
325 3611 363 3668 tu
388 3622 463 3697 me,
487 3599 646 3699 inquam,
671 3627 791 3699 rogas,
816 3603 1011 3701 praefectus
1029 3618 1071 3675 ut
1090 3604 1172 3676 Sca·

164 3722 258 3818 ptius
284 3721 350 3794 sitl
374 3722 470 3800 Alias
487 3724 556 3797 hoc
573 3739 823 3824 statueramus,
846 3742 887 3800 ut
912 3730 1170 3827 negotiatorem

162 3848 338 3920 neminem
363 3850 408 3948 ³⁸3
442 3831 549 3951 idque
577 3853 686 3926 Bruto
713 3853 998 3952 probaveramus.
1025 3855 1170 3929 Habeat
