2626 4854
529 348 802 401 nuuorartouas
930 405 939 413 ο

581 557 743 620 CCLXXI.

164 804 178 842 1·
200 777 361 842 Sohiitaius
380 776 419 843 de
443 777 591 839 sententia
619 773 748 853 Manutii
778 781 810 833 et
837 770 969 833 aliorum
996 769 1162 834 emendavit

199 889 324 952 Comitio
344 884 543 956 Sallustiana,
563 881 647 964 quod
667 891 699 943 et
719 878 878 941 wisadus
891 889 922 940 et
941 877 1086 941 Caninius
1098 900 1163 961 gen·

200 996 265 1057 tilia
285 996 346 1055 sint
365 994 507 1063 nomina,
525 1001 555 1055 et
574 1009 665 1051 nemo
685 987 748 1050 duo
762 986 875 1049 habeat
889 986 1016 1068 gentilia
1028 988 1162 1059 nomina3

199 1101 253 1162 sed
270 1111 339 1163 mm
359 1102 444 1182 prius
464 1100 659 1168 immutetur,
679 1105 733 1169 ut,
753 1097 806 1177 qui
823 1094 924 1155 iuerat
941 1091 1106 1165 Octavius,
1122 1091 1163 1151 di-

197 1219 283 1268 catur
319 1217 390 1290 post
417 1207 612 1289 adoptionem
651 1203 846 1274 Octavianus.
879 1198 1161 1282 Pompeium-Pom-

195 1317 361 1396 pontana,
381 1316 467 1375 utin
488 1335 535 1396 ep.
556 1312 672 1373 Lxxv
693 1313 757 1371 init.
771 1308 860 1371 emb.
885 1309 920 1369 13
941 1308 1058 1369 omittit
1073 1305 1163 1367 Sallu·

196 1423 269 1494 stio,
289 1434 320 1483 et
340 1421 405 1481 Pal
424 1442 434 1481 t
453 1420 536 1502 opud
550 1418 748 1481 Gebhardum
762 1415 866 1478 scribit
882 1415 914 1479 C.
929 1414 1083 1476 Sallustio
1101 1412 1164 1474 Pro

198 1531 365 1613 quaestori,
383 1530 531 1590 nimirum
545 1525 647 1589 Bibuli
660 1528 691 1589 in
703 1525 812 1606 Syria3
833 1525 940 1585 vitiose
961 1521 1035 1583 libri
1057 1522 1163 1603 aliquot

195 1637 293 1696 nostri
310 1656 448 1717 procons.
869 1656 888 1689 s
972 1660 976 1667 ·

161 1744 297 1803 altitius
326 1743 425 1804 lituus
453 1739 614 1804 ediderm
640 1739 917 1821 Martynidaguna
947 1746 979 1799 et
1005 1734 1161 1797 Sehiitzius

196 1870 233 1911 ex
253 1852 428 1912 coniectura
448 1847 610 1921 Lambini,
633 1846 733 1928 'idque
759 1847 904 1908 orationis
930 1854 1092 1923 eputentus
1111 1864 1161 1927 po-

199 1956 313 2018 stulare
333 1957 464 2019 videtur.

156 2064 235 2124 311.
256 2085 283 2125 e.
312 2063 352 2124 ad
379 2065 460 2125 diem
487 2066 702 2136 mosomum,
728 2061 842 2125 sutas
859 2060 911 2122 die
932 2063 1107 2122 eonstintto.
1126 2059 1161 2119 Ut

196 2169 240 2230 od
257 2168 309 2231 hic
329 2191 393 2233 nou
412 2170 572 2255 explanem
591 2172 722 2244 similer,
746 2170 819 2231 facit
843 2168 924 2230 idem
951 2169 1087 2242 Cicero,
1114 2169 1159 2250 qui

195 2297 232 2337 eo
243 2276 319 2348 die,
341 2298 404 2359 quo
431 2279 464 2336 iu
476 2279 666 2358 provinciam
679 2279 780 2350 venit.
804 2275 912 2338 eodem
928 2297 976 2350 se,
997 2297 1081 2336 anno
1099 2296 1161 2336 oon·

170 2425 174 2431 -
197 2382 294 2456 fecto,
315 2382 460 2445 decedere
479 2405 497 2445 e
518 2385 677 2466 provincia
697 2384 774 2447 velle
788 2404 876 2467 saepe
890 2381 1065 2467 signifieat,
1084 2393 1117 2442 ut
1134 2383 1160 2440 io

193 2510 262 2571 epp.
284 2489 427 2563 CCLVI,
446 2490 467 2568 4
486 2501 517 2551 et
537 2491 709 2563 CCLXIV,
733 2513 757 2551 1.

156 2598 176 2673 4
199 2597 256 2658 Ms.
276 2598 347 2658 Rea
368 2619 438 2659 cum
459 2596 610 2659 Lambino
632 2600 729 2672 vohun
748 2599 892 2658 nimirum
914 2618 986 2657 cum
1006 2597 1116 2674 dubi03
1135 2607 1160 2656 et

197 2726 227 2765 se
247 2703 387 2766 dubitare
408 2706 515 2766 Cicero
537 2708 637 2767 statim
658 2708 757 2767 innuit
776 2704 830 2765 sed
851 2717 950 2765 minen
971 2717 1032 2767 etc.

155 2809 311 2872 5.Marius
334 2813 546 2893 (Gratidius),
568 2835 658 2895 quem
678 2816 816 2872 nominat
836 2812 922 2872 inira
945 2812 1069 2873 Manut.

155 2915 176 2975 6
197 2918 232 2976 In
253 2938 290 2978 ea
310 2931 398 3000 parte
418 2923 523 2995 Asiae,
544 2942 622 3003 quae
643 2920 682 2982 ad
695 2921 847 2981 Ciceronis
868 2921 1063 3002 provinciam
1077 2920 1157 3002 perti-

193 3021 297 3084 nebat.
319 3026 439 3087 Manat.

157 3149 174 3209 7
196 3129 264 3190 Mos
286 3142 373 3191 vetus
393 3144 476 3204 erat,
502 3143 537 3193 ut
560 3135 745 3215 quicumque
765 3134 941 3217 provinciae
962 3135 1057 3196 alicui
1077 3155 1156 3218 prae·

192 3235 320 3310 luisset,
340 3241 404 3300 sive
425 3241 610 3322 proconsul,
636 3243 699 3303 sive
719 3241 779 3304 alio
800 3244 940 3314 nomine,
960 3246 1095 3305 rationes
1114 3241 1155 3302 nd·

192 3345 380 3407 ministratae
400 3350 577 3430 provinciae
598 3348 776 3422 conficeret,
796 3359 827 3410 et
848 3349 1002 3411 coniectas
1024 3351 1064 3412 ad
1084 3370 1154 3410 aera·

194 3452 276 3510 rium
297 3452 443 3531 selernet3
474 3455 505 3515 id
537 3456 621 3538 quod
646 3456 811 3538 proconsul
831 3477 901 3519 oum
924 3470 1088 3537 quaestore
1109 3475 1152 3515 sno

191 3557 321 3619 faciebat
341 3582 480 3623 reversus
500 3566 563 3624 iam
582 3585 600 3625 e
621 3566 786 3645 provincia.
814 3564 893 3625 Vide
920 3586 968 3646 ep.
993 3566 1113 3634 cccli,
1131 3583 1149 3619 2.

191 3665 275 3725 Infra
295 3667 407 3731 Schtitz
427 3684 455 3731 te
476 3673 575 3732 nullus
592 3672 714 3754 rufine,
735 3672 997 3752 quemadmodum
1020 3674 1094 3732 alios
1107 3670 1148 3728 ho·

191 3768 264 3832 bere
284 3774 441 3839 adnotavit
461 3779 601 3840 Vrsinus.

151 3871 274 3939 Slater
296 3881 393 3964 leges,
425 3908 499 3967 quas
520 3888 553 3947 C.
575 3889 597 3947 Ι.
619 3888 729 3949 Caesar
757 3886 914 3951 consulatu
946 3909 1004 3947 sno
1033 3886 1141 3948 tutan,
