2626 4854
160 320 228 415 184
464 308 636 388 nrrsronl
662 338 842 387 ccnxxxrv.
934 334 967 387 Δ.
985 339 1022 387 v.
1040 337 1070 386 c.
1090 336 1136 400 ,ιι

155 473 201 521 ne
226 446 317 520 ratio
345 443 498 517 absentis
514 440 702 539 habeatur,
726 453 767 512 ιιι
788 440 981 513 exereitum
998 440 1158 515 dimittat

154 575 231 647 luc
248 572 302 646 M.
322 571 448 644 TVnrr
468 583 505 639 ¹9.
525 566 624 662 Quid
648 564 787 639 dicaml
812 568 1010 667 Exspecta,
1034 567 1158 642 amabo

153 714 189 775 te
196 756 207 799 7
232 699 318 772 dum
343 696 500 771 Atticum
526 691 762 768 conveniaml
793 717 867 765 nou
899 707 954 766 est
985 691 1088 767 loeus
1115 695 1158 767 ad

155 822 464 926 tergiversandum.
492 822 626 895 Contra
651 817 859 894 Caesareml
880 819 949 893 ¹ubi
974 818 1057 894 illae
1082 834 1158 895 sunt

156 952 286 1025 densae
303 967 334 1000 ²⁰
354 947 536 1023 dexterael
552 946 644 1022 Nam
661 961 701 1019 ιιι
717 945 768 1018 illi
784 944 854 1019 hoe
870 944 993 1018 liceret
999 1001 1009 1045 ‚
1027 945 1158 1046 adiuvi¹

153 1092 296 1176 rogatus
322 1076 367 1151 ab
392 1077 472 1177 ipso
497 1075 687 1149 Ravennae
713 1073 757 1147 de
774 1071 895 1147 Caelio
920 1072 1066 1148 tribuno
1087 1073 1158 1176 ple·

152 1205 267 1278 bis21.
293 1203 350 1278 Ab
375 1205 456 1305 ipso
482 1201 625 1276 auteml
651 1203 757 1275 etiam
773 1228 795 1274 a
812 1202 931 1276 Gnaeo
956 1216 1103 1305 nostro,
1125 1204 1158 1277 in

152 1330 214 1406 illo
230 1331 351 1405 divino
368 1331 473 1404 tertio
492 1327 685 1402 consulatu.
702 1327 814 1402 Aliter
829 1327 994 1402 senserol
1021 1331 1158 1425 αἰδέομαι

153 1483 230 1531 ιιοιι
253 1457 467 1557 Pompeium
490 1454 620 1555 modo,
645 1453 710 1530 sed
734 1459 860 1553 Τρῶας,
884 1457 934 1525 καὶ
959 1456 1121 1553 Τρωάδας.

200 1637 403 1730 Πουλυδάμας
428 1665 477 1731 μοι
501 1647 617 1733 πρῶτος
645 1638 796 1731 ἐλεγχείην
821 1641 993 1709 καταθήσει
1022 1651 1066 1707 ²².

152 1831 264 1924 Quisl
281 1846 320 1905 tu
337 1832 413 1934 ipse
431 1832 580 1932 seilicet,
604 1830 769 1906 laudator
785 1845 821 1905 et
837 1831 1013 1906 factorum
1026 1846 1064 1906 et
1078 1833 1158 1908 scri·

150 1971 295 2059 ptorum
325 1985 495 2033 meorum.
524 1961 627 2033 Hane
653 1985 718 2059 ego
742 1960 774 2008 ²³
800 1957 940 2060 plagam
966 1959 1075 2059 effugi
1101 1986 1158 2062 per

152 2083 241 2158 duos
267 2087 463 2186 superiores
488 2070 735 2159 Marcellorum
752 2086 955 2160 consulatus
972 2085 1029 2186 ²4,
1054 2114 1158 2189 quun

151 2222 206 2282 est
230 2225 350 2283 aetum
375 2211 419 2283 de
444 2212 628 2313 provincia
653 2212 821 2285 Caesaris.
847 2211 952 2287 Nunc
976 2214 1103 2288 incido
1128 2215 1158 2287 ir

152 2334 340 2410 discrimen
365 2339 492 2438 ipsum.
516 2340 656 2439 Itaque,
682 2352 723 2412 ιιι
747 2338 875 2412 stultus
901 2341 1037 2439 primus
1065 2366 1158 2414 suan

152 2464 363 2552 sententiam
390 2463 486 2537 dieat
503 2466 553 2565 ²⁵,
579 2465 667 2537 milri
692 2465 798 2538 valde
815 2465 950 2567 placet,
977 2466 1023 2540 de
1040 2469 1158 2543 trium

151 2587 226 2688 pho
250 2615 317 2663 nos
342 2590 459 2665 moliri
485 2589 617 2693 aliquid
624 2620 635 2691 3
660 2606 758 2666 extra
777 2593 901 2665 urbem
919 2620 994 2667 esse
1014 2622 1097 2680 cum
1113 2597 1158 2668 iu·

151 2717 303 2790 stissima
321 2744 434 2791 eausa.
452 2719 590 2792 Tamen
616 2719 753 2794 dabunt
770 2747 933 2822 operam,
958 2705 1000 2795 ut
1023 2721 1158 2796 eliciant

151 2845 362 2915 sententiam
388 2871 512 2918 meam.

204 2967 225 3038 3
244 2968 387 3042 Ridebis
395 2974 428 3021 2⁶
440 2971 509 3044 hoc
520 2972 602 3045 loeo
617 2971 771 3046 sortasse.
786 2974 903 3066 Quam
916 2973 1047 3049 vellem
1058 2977 1148 3050 etiam

151 3115 247 3163 nunc
272 3094 310 3165 in
335 3098 519 3195 provincia
537 3101 683 3173 morari!
708 3099 813 3200 plane
831 3127 920 3202 opus
938 3102 1021 3203 suit,
1047 3105 1076 3176 si
1093 3103 1147 3177 hoc

151 3216 388 3316 impendebat.
405 3225 484 3297 Etsi
510 3226 560 3298 nil
585 3227 752 3300 miserius.
778 3227 870 3301 Nam
896 3230 970 3299 ὁδοῦ
997 3235 1147 3327 πάρεργον,

152 3342 236 3417 volo
262 3359 298 3418 te
322 3346 392 3421 hoo
418 3351 523 3425 scire:
549 3353 753 3428 omniailla
778 3356 909 3456 prima,
939 3383 1031 3458 quae
1057 3358 1149 3430 etiam

152 3470 221 3542 tuis
247 3469 357 3547 literis
375 3492 406 3542 ²⁷
434 3477 473 3550 in
499 3478 636 3553 eaelum
663 3480 817 3581 ferebas,
842 3485 987 3564 ἑπίτηκτα
1011 3483 1148 3557 fuerunt

151 3596 269 3687 Quam
293 3625 367 3674 non
393 3617 447 3681 est
470 3605 580 3679 facilis
607 3608 737 3682 virtus!
764 3636 869 3711 quam
895 3633 981 3684 vero
1012 3609 1150 3684 difficilis

153 3721 225 3795 eius
252 3724 415 3803 diuturna
442 3730 638 3809 simulatio!
664 3735 785 3829 Quum
810 3736 904 3812 enim
930 3736 1000 3815 hoc
1026 3752 1149 3813 rectum
