2678 4860
168 345 215 418 60
501 365 671 414 urrsront
697 367 824 416 cccvii.
944 363 974 413 Δ.
994 338 1075 439 vsssc.
1095 364 1143 427 70³

165 470 279 543 officia
305 469 434 541 cinon
467 466 632 567 defuisse,
665 482 701 540 tu
741 495 777 540 es
811 468 932 565 testis,
968 469 1024 540 cui
1055 469 1169 540 iaml

163 599 290 687 κωμικὸς
317 603 446 698 potpnu,
472 607 510 664 ut
536 595 678 693 opinor,
705 592 843 665 accedit
867 591 1011 688 Phania.
1028 595 1078 666 Et
1093 621 1168 668 me-

163 720 305 795 hercule
330 721 437 792 etiam
463 719 572 818 pluris
599 745 679 790 eum
705 718 789 816 feci,
815 718 912 818 quod
938 733 972 790 te
1000 721 1107 793 amari
1126 719 1170 792 ab

166 872 209 919 eo
235 847 335 920 sensi.
361 849 437 918 lam
464 871 520 917 me
546 845 707 943 Pompeii
734 858 848 917 toturn
875 870 949 917 esse
975 846 1062 943 scis,
1085 847 1172 917 Bru-

165 976 272 1044 tum5
298 1000 318 1045 a
348 998 404 1044 me
430 972 540 1044 amari
563 970 736 1068 intelligis.
754 970 851 1062 Quid
878 983 931 1043 est
949 996 1092 1069 causae,
1110 946 1172 1045 erir

165 1099 251 1172 mihi
276 1101 412 1172 nonin
437 1099 568 1199 optatis
594 1099 657 1197 sit,
682 1096 870 1203 cpmplecti
887 1096 1085 1196 hominem,
1109 1096 1171 1170 sso-

166 1239 302 1299 rentem
327 1238 463 1322 aetate,
489 1223 633 1323 opibus,
657 1222 868 1321 honoribus,
893 1223 1047 1322 ingenio,
1081 1222 1173 1295 libe-

165 1352 230 1451 ris,
246 1351 470 1452 propinquis,
488 1349 666 1448 affinibus,
684 1350 817 1448 amicis,
835 1346 1035 1447 collegam6
1052 1375 1172 1422 meum

68 1564 71 1569 ¹
166 1477 388 1577 praesertim,
421 1489 457 1548 et
488 1477 526 1547 in
559 1477 635 1574 ipsa
671 1474 807 1572 collegii
836 1472 940 1547 laude
966 1489 1001 1547 et
1015 1477 1171 1554 ‚seientia

165 1601 363 1674 studiosum
388 1600 483 1674 meil
516 1603 612 1674 Haec
646 1627 688 1674 eo
713 1600 872 1701 pluribus
899 1603 1039 1702 scripsi,
1073 1602 1171 1706 quod

165 1727 253 1798 mihi
270 1728 513 1826 significabant
529 1742 609 1800 tuae
623 1726 753 1827 literae,
766 1726 992 1800 subdubitare
1008 1741 1042 1799 te
1057 1748 1083 1827 ⁷,
1101 1755 1172 1828 qua

166 1879 278 1927 essem
304 1880 383 1952 erga
408 1853 508 1927 illum
532 1852 724 1927 voluntate.
742 1853 876 1952 Credo,
902 1868 936 1925 te
954 1853 1092 1926 audisse
1110 1852 1172 1925 ali·

166 1978 252 2078 quid
269 1981 300 2050 ⁸:
330 1979 455 2051 falsum
481 1993 548 2077 est,
584 1978 820 2077 mihicrede,
852 1980 880 2051 si
913 1976 998 2078 quid
1032 1979 1170 2052 audisti.

165 2107 285 2180 Genus
309 2106 551 2178 institutorum
567 2119 603 2177 et
618 2106 796 2177 rationum
821 2131 997 2204 mearum,
1022 2105 1172 2177 dissimi-

165 2229 349 2301 litudinem
373 2228 580 2302 nonnullam
605 2229 713 2302 habet
739 2257 819 2302 eum
837 2230 928 2302 illius
949 2230 1171 2304 administra·

167 2357 262 2426 tione
288 2357 489 2454 provinciae
516 2374 540 2427 9.
573 2359 629 2428 Ex
662 2382 704 2428 eo
739 2356 880 2457 quidam
907 2358 1075 2457 suspicati
1101 2357 1171 2429 for-

164 2494 256 2552 tasse
274 2494 356 2553 sunt
366 2538 376 2579 ,
394 2483 594 2554 animomm
611 2484 855 2580 contentione,
869 2507 943 2556 non
961 2483 1170 2582 opinionum

165 2604 400 2705 dissensione,
425 2634 482 2679 me
501 2607 544 2680 ab
564 2633 605 2680 eo
625 2608 832 2708 discrepare.
850 2606 946 2681 Nihil
963 2622 1079 2680 autem
1104 2608 1171 2682 feci

164 2758 347 2831 umquam,
372 2759 485 2833 neque
513 2734 600 2832 dixi,
626 2733 722 2833 quod
748 2747 871 2806 contra
887 2733 977 2806 illius
995 2735 1168 2807 existima·
1193 2734 1195 2738 ’

103 2840 106 2845 .
165 2861 299 2930 tionem
324 2885 398 2930 esse
424 2857 559 2931 vellem.
577 2860 665 2930 Post
681 2858 750 2930 hoc
775 2859 957 2956 negotium
982 2871 1117 2958 autem,
1135 2872 1171 2932 et

164 2986 396 3057 temeritatem
412 2984 524 3056 nostri
541 2983 743 3057 Dolabellae
760 3001 805 3084 ¹⁰,
831 2985 1095 3084 deprecatorem
1112 3012 1169 3057 me

163 3135 229 3207 pro
254 3109 346 3181 illius
372 3108 529 3209 periculo
554 3109 718 3208 praebeo.

214 3238 235 3309 3
262 3238 350 3307 Erat
373 3237 410 3307 in
435 3235 560 3307 eadem
585 3235 735 3335 epistola
762 3251 925 3309 veternus
955 3237 1107 3309 civitatis
1127 3251 1168 3308 ¹¹.

163 3361 371 3434 Gaudebam
396 3387 496 3459 sane,
528 3375 564 3433 et
597 3362 797 3459 congelasse
830 3377 990 3435 nostrum
1016 3362 1170 3434 amicum

162 3485 319 3558 laetabar
345 3488 428 3559 otio.
957 3485 961 3494 ’

213 3615 236 3705 4
261 3614 430 3685 Extrema
455 3612 592 3713 pagella
629 3615 779 3715 pupugit
811 3640 867 3686 me
901 3627 963 3686 tuo
989 3611 1170 3711 chirogra-

162 3735 236 3835 pho
262 3753 301 3802 ¹².
328 3737 425 3828 Quid
451 3738 521 3811 aisl
547 3742 732 3812 Caesarem
759 3765 853 3810 nunc
872 3738 1027 3811 defendit
1045 3737 1174 3810 Curio?

166 3863 241 3960 quis
267 3862 336 3936 hoc
362 3879 501 3962 putaret
527 3881 668 3965 praeter
700 3866 778 3939 mel
811 3893 912 3966 nam,
947 3867 995 3938 ita
1029 3867 1171 3962 rivam,
