2626 4854
252 440 317 531 M.
362 438 617 534 TVLLII
660 435 1056 536 CICERONIS

452 660 853 736 nrrsronnn
953 748 956 753 ,

593 901 727 918 *

590 1207 707 1281 CCLI.
861 1247 918 1306 (na
931 1247 984 1296 na.
1001 1248 1069 1310 xm,
1082 1249 1130 1306 ss)

155 1377 374 1460 Argrmrentum.
395 1379 428 1441 C.
448 1381 595 1442 Laenium
616 1383 841 1464 diligentissime
861 1383 1060 1446 commendat.

293 1577 346 1628 Ser.
364 1576 503 1630 Laodiceae
521 1578 551 1630 A.
568 1579 602 1632 V.
620 1579 648 1632 C.
668 1579 792 1648 DCCIII,
810 1597 896 1632 mense
913 1581 1015 1633 Martio.

250 1800 295 1864 M.
319 1801 355 1864 T.
379 1799 524 1868 CICERO
548 1801 583 1866 P.
607 1795 711 1868 SILIO
737 1802 876 1868 PROPR.
901 1802 931 1867 S.
956 1805 989 1867 P.
1013 1803 1051 1866 D.

202 2006 311 2143 Non
335 2069 462 2169 putavi¹
483 2069 559 2141 fieri
583 2094 703 2168 posse,
737 2082 777 2141 ut
807 2069 903 2142 mihiv
925 2069 1033 2143 verba
1059 2069 1155 2144 dees-

154 2209 245 2294 sent3
270 2194 333 2268 sed
357 2208 474 2267 tamen
499 2194 537 2265 in
554 2196 591 2267 C.
608 2195 767 2269 Laenio¹
787 2196 1069 2270 commendando
1095 2197 1153 2270 de·

154 2334 244 2393 sunt.
273 2323 397 2422 Itaque
429 2346 503 2393 rem
535 2319 602 2392 tibi
635 2345 811 2420 exponam
839 2323 961 2422 paucis
986 2323 1102 2398 verbis
1119 2340 1155 2423 ²3

153 2446 217 2519 sed
242 2460 374 2545 tamen,
397 2459 437 2518 ut
461 2444 565 2545 plane
586 2446 784 2546 perspicere
802 2449 916 2548 possis
934 2448 1155 2522 voluntatem

152 2599 276 2646 meam.
301 2572 510 2646 Incredibile
535 2586 606 2671 est,
630 2575 753 2675 quanti
776 2573 943 2647 faciamus
968 2588 1004 2647 ct
1029 2600 1092 2674 ego
1119 2588 1157 2647 et

152 2699 259 2775 frater
282 2726 397 2801 meus,
423 2701 484 2802 qui
499 2699 587 2772 mihi
604 2701 806 2774 carissimus
820 2713 892 2799 est,
908 2701 955 2773 Μ.
972 2702 1155 2775 Laenium.

151 2826 195 2901 Id
227 2828 269 2899 fit
293 2853 402 2928 quum
433 2825 591 2926 plurimis
625 2827 698 2899 eius
727 2826 849 2900 officiis
866 2828 892 2926 ³,
916 2839 993 2899 tum
1017 2852 1155 2900 summa

152 2950 330 3053 probitate
362 2965 399 3025 et
431 2951 594 3050 singulari
623 2952 804 3026 modestia.
837 2954 931 3025 Eum
960 2978 1024 3051 ego
1051 2979 1072 3025 a
1096 2979 1156 3025 me

133 3077 379 3154 ‚invitissimus
406 3076 520 3159 dimisi
527 3132 538 3177 7
567 3104 674 3178 quum
706 3091 852 3179 propter
886 3077 1155 3151 familiaritatem

152 3217 189 3277 ct
217 3203 477 3277 consuetudinis
510 3204 738 3305 suavitatem,
770 3218 846 3278 tum
879 3204 977 3306 quod
1008 3202 1154 3277 consilio

152 3331 225 3403 eius
250 3328 346 3402 fideli
371 3355 412 3402 ac
441 3328 538 3402 bono
571 3329 720 3403 libenter
751 3329 883 3404 utebar.
916 3330 985 3404 Sed
1010 3355 1157 3429 vereor,

150 3455 293 3528 nciam
324 3453 411 3528 mihi
444 3470 624 3555 superesse
650 3455 757 3530 verba
789 3471 914 3559 putes,
941 3481 1031 3558 quae
1058 3455 1155 3528 dixe-

69 3612 97 3679 j
150 3608 226 3654 ram
254 3580 420 3655 defutura.
447 3582 669 3656 Commendo
697 3583 762 3655 tibi
778 3582 973 3686 hominem,
997 3583 1089 3656 sicut
1104 3583 1157 3654 in·

151 3705 293 3808 telligis,
317 3733 390 3810 me,
415 3708 459 3781 de
485 3708 586 3810 quoi
603 3735 644 3783 ea
670 3736 776 3810 supra
793 3709 1006 3811 scripserim,
1025 3707 1153 3781 debere

150 3835 413 3936 commendare5
445 3861 465 3909 a
498 3849 602 3937 teque
635 3835 861 3912 vehementer
900 3836 1006 3909 etiam
1047 3847 1154 3936 atquc
