2626 4854
152 345 201 412 80
502 358 670 405 crissoni
696 359 808 406 ccuxi.
936 356 967 404 a,
986 359 1021 405 v.
1038 359 1069 405 c.
1091 359 1142 420 ²⁰³

153 489 258 565 quam
282 488 327 532 ex
351 459 499 558 collegio
524 474 615 531 essct
631 461 802 532 immicus.
819 459 923 551 Quae
939 473 983 530 ut
998 463 1171 535 omittam

152 604 228 662 tam
251 588 362 659 multa
381 601 486 688 atque
503 601 623 658 tauta:
649 588 727 687 quis
741 612 912 687 umquam
928 589 1021 658 tanti
1039 609 1166 688 quem·

153 741 260 818 quam
283 714 382 812 lecit,
409 727 471 784 aut
495 713 608 785 [acere
625 715 766 814 potuit,
792 725 854 786 aut
871 710 1015 810 debuit,
1040 715 1168 816 quanti
1187 787 1191 794 ,

153 869 220 941 ego
244 843 308 915 Cn
333 841 561 940 Pompeium,
585 865 747 912 socerum
772 853 855 910 tuac
879 837 995 912 filiael
1018 840 1168 929 Etenim

154 970 333 1042 simerita
358 967 493 1041 valent:
529 967 698 1065 patriam,
734 964 883 1063 liberos,
914 965 1085 1064 salutem,
1112 966 1166 1041 dr·-

154 1097 340 1193 gnitatem‚
356 1093 699 1192 memetipsummibi
715 1091 898 1192 perillum
915 1093 1164 1164 restitutum³s

153 1234 261 1320 put03
284 1222 314 1292 si
339 1219 604 1292 consuetudinis
626 1218 844 1291 iucunditas:
871 1245 962 1320 quac
987 1218 1057 1290 fuit
1087 1246 1167 1292 nm·

155 1372 262 1448 quam
287 1348 440 1419 amicitia
466 1345 701 1418 consularium
726 1344 763 1417 in
780 1359 902 1418 nostra
918 1345 1067 1417 civitate
1082 1371 1169 1418 con⁴

154 1472 329 1545 iunctiorl
353 1475 383 1544 si
399 1471 459 1544 illa
474 1471 508 1537 4⁰
527 1475 656 1545 amoris
682 1487 790 1575 atque
806 1472 914 1545 officii
938 1473 1055 1570 signa:
1075 1472 1165 1574 quid

153 1598 241 1672 mibi
264 1596 323 1671 ille
347 1626 422 1673 uon
446 1598 644 1672 commisitt
680 1598 767 1700 quid
796 1604 872 1672 uo'n
895 1625 1040 1671 mecum
1065 1625 1164 1672 com-

153 1725 368 1798 municavit?
393 1725 480 1826 quid
497 1725 542 1797 de
558 1752 595 1798 se
612 1727 650 1797 iu
666 1739 809 1822 senatu,
834 1753 944 1826 quum
963 1728 1041 1826 ipse
1059 1724 1162 1798 abes-

153 1865 223 1948 set,
248 1877 312 1950 per
341 1877 554 1953 quemquam
579 1853 635 1949 agi
652 1850 777 1923 maluit
787 1850 847 1921 ⁴¹2
872 1850 1001 1952 quibus
1027 1850 1088 1923 ille
1110 1878 1166 1924 me

154 1977 260 2049 rebus
284 2003 359 2050 non
383 1979 646 2050 ornatissimum
675 1977 789 2050 voluit
820 1975 1059 2076 amplissimel
1096 2004 1167 2079 qua

157 2101 309 2203 denique
333 2102 392 2175 ille
415 2102 596 2202 facilitate,
628 2131 697 2204 qua
722 2103 942 2177 humanitate
968 2103 1053 2175 tulit
1077 2130 1166 2176 con·

154 2229 351 2300 tentionem
375 2255 491 2302 meam
517 2256 583 2328 pro
600 2229 733 2301 Milone
748 2228 801 2328 ⁴¹,
825 2229 1038 2303 adversante
1056 2232 1170 2304 iuteo·

155 2352 241 2425 dum
266 2354 464 2426 actionibus
483 2356 576 2427 suisl
601 2382 672 2459 quo
690 2355 808 2429 studio
825 2354 1000 2459 providit,
1025 2383 1073 2429 nc
1092 2384 1161 2460 qua

153 2505 212 2550 me
236 2479 328 2552 illius
354 2482 523 2579 temporis
542 2482 673 2553 invidia
690 2482 724 2548 4³
749 2484 953 2581 attingeret,
978 2511 1090 2584 quum
1110 2510 1162 2555 ma

154 2606 319 2706 consilio,
344 2634 454 2709 quum
479 2610 705 2706 auctoritate,
741 2637 850 2710 quum
877 2611 981 2683 armis
1008 2609 1160 2712 denique

153 2734 242 2807 texit
265 2734 336 2805 suis
352 2732 407 2805 44}
432 2733 570 2824 Quibus
596 2735 739 2834 quidem
764 2735 983 2834 temporibus
1011 2735 1102 2808 baec
1127 2738 1160 2808 iu

152 2884 196 2931 eo
222 2861 389 2956 gravitas,
413 2859 501 2930 haec
528 2861 634 2931 animi
659 2859 810 2932 altitudo
835 2861 919 2959 brit,
950 2887 1026 2933 uon
1052 2863 1160 2934 modo

152 2997 193 3054 ut
217 2984 349 3082 Phrygi
377 2985 498 3081 alicui,
523 3000 585 3057 aut
608 2990 785 3085 Lycaoni,
810 2989 908 3088 quod
924 3001 962 3060 tu
980 2989 1019 3058 in
1038 2988 1160 3086 legatis

151 3109 281 3208 fecisti5
301 3109 362 3182 sed
380 3136 425 3182 ne
443 3138 659 3186 summorum
678 3114 821 3215 quidem
838 3114 1025 3186 bominum
1036 3115 1069 3179 4⁵
1089 3121 1161 3185 ma-'

150 3234 268 3308 livolis
295 3235 339 3308 de
363 3264 421 3311 me
450 3240 669 3314 sermonibus
703 3240 869 3313 crederet.
908 3241 1023 3312 Huius
1054 3241 1161 3338 igitur

151 3361 242 3435 filius
260 3391 369 3465 quum
386 3366 432 3438 sit
448 3393 554 3464 gener
571 3382 667 3467 tuus,
693 3394 884 3470 quumque,
908 3379 1050 3468 praeter
1067 3366 1160 3439 hauc

151 3489 437 3566 coniunctionem
463 3493 658 3592 affinitatis,
684 3521 792 3596 quam
816 3495 863 3566 sis
889 3495 953 3566 Cu.
979 3494 1158 3592 Pompeio

151 3642 269 3715 carus,
293 3644 469 3720 quamque
495 3622 669 3694 iucundus
690 3621 894 3719 intelligam:
920 3646 992 3720 quo
1011 3620 1160 3693 tandem

149 3748 268 3820 auimo
292 3750 329 3819 in
354 3763 391 3820 te
416 3776 490 3822 csse
516 3750 651 3822 debcol
677 3777 786 3851 quum
806 3750 1013 3849 praesertim
1031 3775 1093 3820 eas
1112 3747 1161 3820 ad

148 3897 205 3947 uie
222 3875 251 3947 is
268 3876 385 3950 literas
403 3879 551 3976 miserit,
569 3879 712 3980 quibus,
738 3877 872 3950 etiamsi
890 3875 973 3971 tibi,
1000 3877 1060 3948 cui
1079 3901 1158 3949 sum
