2626 4854
155 321 237 400 366
519 339 792 393 usurariam

155 453 191 512 δι
216 448 382 512 Lambinus
401 444 612 528 adprim
598 442 798 525 ιςίειινοοιιίο.

153 557 272 620 tana
293 553 938 654 Hervagiiutilienoeaseuteutiamomt3
955 553 1161 635 quodeodem

195 665 336 749 pertinet.
355 647 556 732 «iritum,
574 657 720 740 aequeridi
738 656 1011 742 Pompeium.

153 773 193 835 33
212 770 307 850 Quod
327 768 369 831 ob
388 768 553 829 amicitiam
573 767 733 839 Curionis,
763 777 796 828 et
825 767 930 827 odium
952 769 1069 865 Appii
1081 789 1101 828 a
1130 790 1161 828 re

166 877 278 962 Qpnbl
299 876 450 938 defecerit.
472 875 590 934 Manat.
610 873 693 934 Vide
712 893 761 956 ep
781 846 1069 936 cccnmvuis
1176 867 1180 873 ’

153 987 193 1064 34
213 985 264 1046 Sic
283 984 400 1047 Victor.
421 981 528 1044 ecod.
549 983 596 1042 sui
616 982 748 1062 vestigiis
768 984 944 1063 uestigauit,
963 993 995 1042 et
1008 984 1054 1042 sio
1074 978 1163 1042 babet

165 1090 336 1152 omnibus
355 1078 449 1172 plane
466 1088 562 1148 literis
583 1089 702 1169 scriptis
721 1087 788 1148 cod.
809 1088 957 1148 Tornaes
977 1087 1044 1160 Ei,
1062 1088 1163 1148 Caelio

189 1196 443 1278 intelligendum,
463 1197 514 1255 eui
528 1193 588 1254 vici
578 1192 747 1267 Luecaii,
765 1199 917 1276 praetoris
938 1198 1072 1278 imperio
1092 1218 1162 1278 qua·

191 1308 237 1365 vis
267 1303 306 1366 de
331 1325 422 1364 causa
449 1302 615 1362 adiudicati
644 1313 723 1363 sunt
743 1303 824 1365 veti.
846 1302 917 1362 iibri
937 1306 1056 1385 partim
1077 1304 1166 1363 Eruci

189 1394 335 1486 nicaea,
361 1412 475 1494 partim
495 1411 526 1469 ei
542 1410 598 1471 rici
619 1407 754 1483 Luccei,
780 1410 858 1470 alius
874 1406 961 1490 quod
978 1411 1066 1469 murti
1086 1410 1162 1470 Lue-

189 1521 261 1593 eeii,
281 1519 359 1579 alius
379 1509 468 1601 qiiod
481 1519 568 1577 euriei
587 1516 640 1593 Le
671 1537 707 1578 ex
728 1516 840 1598 quibus
875 1517 1034 1578 Corradus
1064 1520 1162 1578 aone-

160 1640 166 1645 “
189 1629 232 1686 cit
250 1627 313 1686 eta
330 1626 387 1686 vici
405 1625 528 1684 Lireoeir
546 1627 605 1686 srirt
632 1622 765 1696 addicti,
793 1625 897 1684 iunius
927 1623 1015 1706 qaod
1038 1627 1068 1683 ei
1089 1624 1160 1682 luti-

192 1733 274 1793 melii
291 1733 360 1812 (vei
372 1725 531 1810 Intiminii)
544 1753 567 1790 s.
578 1730 711 1804 addicti,
731 1732 908 1791 Tonstallus
918 1729 1006 1812 quad
1015 1732 1078 1792 tuci
1085 1730 1165 1791 vicini

55 1870 59 1877 ·
160 1860 164 1869 ·
183 1839 310 1900 Lucreti
326 1841 384 1900 sint
402 1838 527 1910 addicti,
547 1838 608 1898 hoe
619 1849 665 1899 est
678 1839 802 1921 praedia
822 1840 965 1910 Luccei,
984 1838 1161 1898 Tusculano

188 1967 258 2008 meo
278 1948 398 2018 vicina,
428 1945 620 2006 debitoribus
651 1945 773 2005 addicta
792 1948 860 2005 sint
891 1946 1054 2006 Manutius
1075 1949 1160 2006 etiam

159 2080 162 2084 ·
190 2053 362 2115 emendavit
381 2055 481 2114 eutrcti
505 2053 620 2113 lucellis
632 2075 655 2113 s.
668 2072 715 2125 a,
735 2052 818 2134 quod
831 2073 917 2134 seqq.
939 2065 969 2112 te
986 2056 1160 2136 praetemu-

189 2162 259 2221 sirse
278 2183 341 2222 non
362 2164 510 2222 convenit

151 2267 191 2328 35
209 2244 290 2328 vide
311 2289 380 2349 epp.
402 2267 610 2341 cccxviii,
631 2287 649 2327 2
669 2278 701 2328 a
720 2267 895 2339 cccxix,
921 2289 945 2329 ι.

150 2372 191 2435 36
210 2366 290 2433 illud
309 2377 463 2455 pecuniae
474 2373 592 2434 Manui.
606 2375 689 2434 Tum
703 2379 733 2435 in
750 2373 931 2448 flacciana,
951 2385 1049 2448 ante,
1074 2394 1158 2456 quam

160 2489 171 2516 ·’
188 2483 228 2539 in*
241 2481 436 2562 provinciam
458 2479 678 2562 proficiscerer.

150 2588 188 2666 37
209 2587 433 2666 Negligentiae3
461 2598 528 2646 turn
548 2589 738 2667 negligentes,
758 2591 790 2647 in
810 2610 843 2648 re
863 2589 1018 2649 familiari.

150 2693 190 2754 38
212 2694 403 2774 Serperastra
423 2697 548 2777 proprie
581 2706 652 2754 sunt
684 2695 879 2767 adminicula,
912 2718 995 2776 quae
1026 2696 1159 2756 cruribus

189 2821 356 2882 puerorum
377 2803 515 2882 primum
538 2802 760 2863 ambulantium
781 2804 961 2883 alligantur,
992 2825 1032 2863 ne
1064 2808 1085 2863 ii
1106 2804 1159 2862 vari

189 2916 243 2964 aut
264 2927 440 2987 eompemes
462 2907 556 2980 fiant,
577 2908 657 2968 dieta
679 2931 697 2968 a
727 2909 890 2991 sirpando,
919 2908 950 2968 h.
973 2932 999 2969 e.
1024 2909 1159 2990 ligando,

158 3023 160 3027 ’
188 3011 270 3071 unde
301 3014 431 3093 stipulae
464 3014 547 3096 apud
568 3015 741 3076 Varronem
772 3016 809 3075 de
829 3017 863 3074 L.
885 3017 918 3073 L.
943 3016 1020 3076 ideo
1043 3018 1158 3076 fortasse

190 3118 387 3177 scribendum
408 3123 585 3201 sirpirastra.
618 3123 685 3182 ileo
714 3135 815 3182 autem
839 3125 963 3182 nomine
985 3125 1099 3186 Cicero
1117 3123 1157 3181 bic

188 3235 276 3283 notat
295 3227 465 3307 praefectos
487 3228 621 3288 cohortis
642 3251 731 3302 suae,
751 3230 809 3289 boe
830 3240 895 3300 est,
914 3228 1056 3309 legatos,
1078 3252 1158 3314 quae·

195 3341 312 3400 stores,
332 3331 470 3395 tribunos
484 3346 514 3394 et
527 3335 621 3407 alios,
642 3357 719 3417 quos
734 3357 834 3396 secum
848 3335 997 3408 duxerat,
1021 3357 1155 3420 quorum·

191 3459 252 3520 que
275 3460 368 3520 opera
388 3443 420 3500 in
441 3443 608 3502 coiircendo
630 3447 777 3516 exercitu,
802 3455 832 3503 et
851 3444 986 3524 regenda
1006 3449 1152 3527 provincia

191 3546 353 3619 utebatur,
375 3549 458 3629 quod
474 3549 516 3608 illi
532 3571 656 3621 eorum,
679 3551 788 3632 quibus
802 3562 979 3632 praeerant,
1002 3556 1080 3613 vitia
1098 3572 1150 3611 eor·

188 3655 287 3732 rigere
307 3653 472 3728 deberent,
492 3667 526 3715 ut
540 3670 723 3739 serpet-astra
737 3680 862 3719 crurum
876 3659 1084 3721 distorsiones.
1097 3658 1147 3716 Eos

188 3769 290 3819 tamen
311 3765 429 3823 Atticus
450 3764 585 3823 audierat
605 3770 735 3846 pessime
757 3788 787 3825 se
808 3788 932 3847 gerere,
955 3778 986 3825 et
1010 3767 1050 3827 ad
1071 3783 1144 3826 omne

189 3869 340 3945 nequitiae
360 3890 455 3950 genus
475 3870 585 3946 dilahi3
616 3873 683 3934 ideo
706 3875 865 3954 scripserat
885 3872 1045 3947 Ciceroni,
1075 3881 1105 3932 ut
1122 3868 1141 3924 ei

189 3971 271 4032 malo
292 3976 470 4039 mederetur.
494 3979 608 4040 Rosius,
