<?xml version="1.0" encoding="UTF-8"?>
<!DOCTYPE html PUBLIC "-//W3C//DTD XHTML 1.0 Transitional//EN"
    "http://www.w3.org/TR/xhtml1/DTD/xhtml1-transitional.dtd">
<html xmlns="http://www.w3.org/1999/xhtml" xml:lang="en" lang="en">
 <head>
  <title>
</title>
<meta http-equiv="Content-Type" content="text/html;charset=utf-8" />
  <meta name='ocr-system' content='tesseract 3.04.00' />
  <meta name='ocr-capabilities' content='ocr_page ocr_carea ocr_par ocr_line ocrx_word'/>
</head>
<body>
  <div class='ocr_page' id='page_1' title='image "./mtulliiciceroni59cicegoog/mtulliiciceroni59cicegoog_0275.png"; bbox 0 0 2626 4854; ppageno 0'>
   <div class='ocr_carea' id='block_1_1' title="bbox 269 336 1269 525">
    <p class='ocr_par' dir='ltr' id='par_1_1' title="bbox 269 336 1269 525">
     <span class='ocr_line' id='line_1_1' title="bbox 269 336 900 424; baseline -0.008 -30"><span class='ocrx_word' id='word_1_1' title='bbox 269 346 341 424; x_wconf 75' lang='lat'>270</span> <span class='ocrx_word' id='word_1_2' title='bbox 628 336 900 390; x_wconf 70' lang='lat' dir='ltr'>tuuofflrouus</span> 
     </span>
     <span class='ocr_line' id='line_1_2' title="bbox 305 412 1269 525; baseline 0 -20"><span class='ocrx_word' id='word_1_3' title='bbox 305 445 539 525; x_wconf 82' lang='lat' dir='ltr'>dringcntorum·</span> <span class='ocrx_word' id='word_1_4' title='bbox 556 443 687 504; x_wconf 90' lang='lat' dir='ltr'>militum</span> <span class='ocrx_word' id='word_1_5' title='bbox 703 453 787 514; x_wconf 87' lang='lat' dir='ltr'>sunt,</span> <span class='ocrx_word' id='word_1_6' title='bbox 801 453 832 503; x_wconf 92' lang='lat' dir='ltr'>et</span> <span class='ocrx_word' id='word_1_7' title='bbox 846 442 969 524; x_wconf 89' lang='lat' dir='ltr'>quidem</span> <span class='ocrx_word' id='word_1_8' title='bbox 981 461 1071 501; x_wconf 91' lang='lat' dir='ltr'>more</span> <span class='ocrx_word' id='word_1_9' title='bbox 1087 412 1215 502; x_wconf 77' lang='lat' dir='ltr'>romano</span> <span class='ocrx_word' id='word_1_10' title='bbox 1227 466 1269 505; x_wconf 86' lang='lat' dir='ltr'>ar-</span> 
     </span>
    </p>
   </div>
   <div class='ocr_carea' id='block_1_2' title="bbox 216 548 1305 3831">
    <p class='ocr_par' dir='ltr' id='par_1_2' title="bbox 304 548 1267 732">
     <span class='ocr_line' id='line_1_3' title="bbox 305 548 1267 633; baseline -0.002 -19"><span class='ocrx_word' id='word_1_11' title='bbox 305 562 412 614; x_wconf 89' lang='lat' dir='ltr'>matae.</span> <span class='ocrx_word' id='word_1_12' title='bbox 428 549 721 633; x_wconf 84' lang='lat' dir='ltr'>Quadringenarias‚</span> <span class='ocrx_word' id='word_1_13' title='bbox 735 571 813 632; x_wconf 87' lang='lat' dir='ltr'>quae</span> <span class='ocrx_word' id='word_1_14' title='bbox 827 548 1064 632; x_wconf 82' lang='lat' dir='ltr'>quadringentos</span> <span class='ocrx_word' id='word_1_15' title='bbox 1079 550 1191 612; x_wconf 83' lang='lat' dir='ltr'><strong>milites</strong></span> <span class='ocrx_word' id='word_1_16' title='bbox 1205 573 1267 612; x_wconf 85' lang='lat' dir='ltr'>eon·</span> 
     </span>
     <span class='ocr_line' id='line_1_4' title="bbox 304 655 1244 732; baseline -0.001 -12"><span class='ocrx_word' id='word_1_17' title='bbox 304 663 427 720; x_wconf 85' lang='lat' dir='ltr'>tineent.</span> <span class='ocrx_word' id='word_1_18' title='bbox 447 660 530 732; x_wconf 73' lang='lat' dir='ltr'>Erit,</span> <span class='ocrx_word' id='word_1_19' title='bbox 550 659 599 720; x_wconf 92' lang='lat' dir='ltr'>vel</span> <span class='ocrx_word' id='word_1_20' title='bbox 618 657 743 730; x_wconf 82' lang='lat' dir='ltr'><strong>excidit,</strong></span> <span class='ocrx_word' id='word_1_21' title='bbox 763 658 812 719; x_wconf 94' lang='lat' dir='ltr'>vel</span> <span class='ocrx_word' id='word_1_22' title='bbox 832 655 962 718; x_wconf 85' lang='lat' dir='ltr'>subaudi</span> <span class='ocrx_word' id='word_1_23' title='bbox 983 658 1040 718; x_wconf 82' lang='lat' dir='ltr'>hoc</span> <span class='ocrx_word' id='word_1_24' title='bbox 1060 656 1106 718; x_wconf 81' lang='lat' dir='ltr'>ad</span> <span class='ocrx_word' id='word_1_25' title='bbox 1124 679 1149 717; x_wconf 86' lang='lat' dir='ltr'>s.</span> <span class='ocrx_word' id='word_1_26' title='bbox 1169 660 1244 719; x_wconf 74' lang='lat' dir='ltr'>satis.</span> 
     </span>
    </p>

    <p class='ocr_par' dir='ltr' id='par_1_3' title="bbox 265 748 933 851">
     <span class='ocr_line' id='line_1_5' title="bbox 265 748 933 851; baseline -0.006 -23"><span class='ocrx_word' id='word_1_27' title='bbox 265 789 303 848; x_wconf 84' lang='lat'>72</span> <span class='ocrx_word' id='word_1_28' title='bbox 323 748 382 851; x_wconf 73' lang='lat' dir='ltr'>Ep.</span> <span class='ocrx_word' id='word_1_29' title='bbox 403 767 540 839; x_wconf 87' lang='lat' dir='ltr'>CCXIV,</span> <span class='ocrx_word' id='word_1_30' title='bbox 565 787 588 828; x_wconf 87' lang='lat'>1.</span> <span class='ocrx_word' id='word_1_31' title='bbox 610 764 669 827; x_wconf 87' lang='lat' dir='ltr'>Ed.</span> <span class='ocrx_word' id='word_1_32' title='bbox 689 766 763 826; x_wconf 88' lang='lat' dir='ltr'>Min.</span> <span class='ocrx_word' id='word_1_33' title='bbox 785 762 933 825; x_wconf 82' lang='lat' dir='ltr'>Herodes.</span> 
     </span>
    </p>

    <p class='ocr_par' dir='ltr' id='par_1_4' title="bbox 265 871 1267 1064">
     <span class='ocr_line' id='line_1_6' title="bbox 265 871 1267 955; baseline -0.001 -20"><span class='ocrx_word' id='word_1_34' title='bbox 265 877 303 955; x_wconf 82' lang='lat'>73</span> <span class='ocrx_word' id='word_1_35' title='bbox 325 874 459 947; x_wconf 85' lang='lat' dir='ltr'>Scilicet,</span> <span class='ocrx_word' id='word_1_36' title='bbox 478 872 555 934; x_wconf 92' lang='lat' dir='ltr'>nihil</span> <span class='ocrx_word' id='word_1_37' title='bbox 575 875 647 934; x_wconf 92' lang='lat' dir='ltr'>novi</span> <span class='ocrx_word' id='word_1_38' title='bbox 668 884 725 945; x_wconf 90' lang='lat' dir='ltr'>est,</span> <span class='ocrx_word' id='word_1_39' title='bbox 749 871 834 954; x_wconf 90' lang='lat' dir='ltr'>quod</span> <span class='ocrx_word' id='word_1_40' title='bbox 856 893 919 932; x_wconf 88' lang='lat' dir='ltr'>non</span> <span class='ocrx_word' id='word_1_41' title='bbox 945 875 985 933; x_wconf 86' lang='lat' dir='ltr'>sit</span> <span class='ocrx_word' id='word_1_42' title='bbox 1010 873 1042 932; x_wconf 88' lang='lat' dir='ltr'>in</span> <span class='ocrx_word' id='word_1_43' title='bbox 1067 872 1169 933; x_wconf 89' lang='lat' dir='ltr'>edicto</span> <span class='ocrx_word' id='word_1_44' title='bbox 1191 894 1267 946; x_wconf 86' lang='lat' dir='ltr'>meo,</span> 
     </span>
     <span class='ocr_line' id='line_1_7' title="bbox 303 978 1267 1064; baseline -0.004 -21"><span class='ocrx_word' id='word_1_45' title='bbox 303 983 503 1064; x_wconf 86' lang='lat' dir='ltr'>aliorumque.</span> <span class='ocrx_word' id='word_1_46' title='bbox 524 981 632 1042; x_wconf 85' lang='lat' dir='ltr'>Lamb.</span> <span class='ocrx_word' id='word_1_47' title='bbox 653 982 726 1042; x_wconf 78' lang='lat' dir='ltr'>nihil</span> <span class='ocrx_word' id='word_1_48' title='bbox 745 982 836 1053; x_wconf 85' lang='lat' dir='ltr'>movi,</span> <span class='ocrx_word' id='word_1_49' title='bbox 860 980 922 1041; x_wconf 89' lang='lat' dir='ltr'>hoc</span> <span class='ocrx_word' id='word_1_50' title='bbox 948 991 1009 1052; x_wconf 85' lang='lat' dir='ltr'>est,</span> <span class='ocrx_word' id='word_1_51' title='bbox 1035 978 1115 1040; x_wconf 91' lang='lat' dir='ltr'>nihil</span> <span class='ocrx_word' id='word_1_52' title='bbox 1141 983 1267 1056; x_wconf 79' lang='lat' dir='ltr'>mutavi3</span> 
     </span>
    </p>

    <p class='ocr_par' dir='ltr' id='par_1_5' title="bbox 216 1086 1267 1494">
     <span class='ocr_line' id='line_1_8' title="bbox 216 1086 1266 1172; baseline -0.006 -20"><span class='ocrx_word' id='word_1_53' title='bbox 216 1120 223 1131; x_wconf 93' lang='lat'><strong>·</strong></span> <span class='ocrx_word' id='word_1_54' title='bbox 303 1091 355 1152; x_wconf 81' lang='lat' dir='ltr'>sed</span> <span class='ocrx_word' id='word_1_55' title='bbox 377 1091 530 1150; x_wconf 85' lang='lat' dir='ltr'>Ciceronis</span> <span class='ocrx_word' id='word_1_56' title='bbox 550 1088 683 1150; x_wconf 88' lang='lat' dir='ltr'>edictum</span> <span class='ocrx_word' id='word_1_57' title='bbox 704 1091 792 1172; x_wconf 86' lang='lat' dir='ltr'>prius</span> <span class='ocrx_word' id='word_1_58' title='bbox 811 1087 888 1162; x_wconf 77' lang='lat' dir='ltr'>fuit,</span> <span class='ocrx_word' id='word_1_59' title='bbox 909 1108 1002 1169; x_wconf 86' lang='lat' dir='ltr'>quam</span> <span class='ocrx_word' id='word_1_60' title='bbox 1022 1086 1146 1159; x_wconf 83' lang='lat' dir='ltr'>Bibuli,</span> <span class='ocrx_word' id='word_1_61' title='bbox 1166 1089 1266 1149; x_wconf 89' lang='lat' dir='ltr'>utiam</span> 
     </span>
     <span class='ocr_line' id='line_1_9' title="bbox 303 1193 1267 1277; baseline -0.004 -20"><span class='ocrx_word' id='word_1_62' title='bbox 303 1197 380 1257; x_wconf 88' lang='lat' dir='ltr'>vidit</span> <span class='ocrx_word' id='word_1_63' title='bbox 399 1197 565 1257; x_wconf 88' lang='lat' dir='ltr'>Emestius.</span> <span class='ocrx_word' id='word_1_64' title='bbox 587 1196 730 1257; x_wconf 89' lang='lat' dir='ltr'>Edictum</span> <span class='ocrx_word' id='word_1_65' title='bbox 756 1195 818 1256; x_wconf 91' lang='lat' dir='ltr'>hoc</span> <span class='ocrx_word' id='word_1_66' title='bbox 837 1206 894 1268; x_wconf 85' lang='lat' dir='ltr'>est,</span> <span class='ocrx_word' id='word_1_67' title='bbox 916 1193 1001 1276; x_wconf 92' lang='lat' dir='ltr'>quod</span> <span class='ocrx_word' id='word_1_68' title='bbox 1027 1193 1221 1277; x_wconf 87' lang='lat' dir='ltr'>profecturus</span> <span class='ocrx_word' id='word_1_69' title='bbox 1239 1197 1267 1254; x_wconf 89' lang='lat' dir='ltr'>io</span> 
     </span>
     <span class='ocr_line' id='line_1_10' title="bbox 303 1302 1266 1388; baseline -0.002 -24"><span class='ocrx_word' id='word_1_70' title='bbox 303 1306 492 1387; x_wconf 88' lang='lat' dir='ltr'>provinciam</span> <span class='ocrx_word' id='word_1_71' title='bbox 506 1303 544 1365; x_wconf 90' lang='lat' dir='ltr'>de</span> <span class='ocrx_word' id='word_1_72' title='bbox 556 1324 641 1365; x_wconf 86' lang='lat' dir='ltr'>more</span> <span class='ocrx_word' id='word_1_73' title='bbox 654 1315 889 1388; x_wconf 75' lang='lat' dir='ltr'>propraetorem</span> <span class='ocrx_word' id='word_1_74' title='bbox 904 1305 970 1385; x_wconf 90' lang='lat' dir='ltr'>(ep.</span> <span class='ocrx_word' id='word_1_75' title='bbox 984 1302 1138 1375; x_wconf 85' lang='lat' dir='ltr'>CCXXII,</span> <span class='ocrx_word' id='word_1_76' title='bbox 1156 1324 1166 1363; x_wconf 86' lang='grc' dir='ltr'>ι</span> <span class='ocrx_word' id='word_1_77' title='bbox 1178 1305 1188 1384; x_wconf 82' lang='grc'><strong>)</strong></span> <span class='ocrx_word' id='word_1_78' title='bbox 1203 1322 1266 1386; x_wconf 92' lang='lat' dir='ltr'>pro-</span> 
     </span>
     <span class='ocr_line' id='line_1_11' title="bbox 303 1411 559 1494; baseline -0.008 -21"><span class='ocrx_word' id='word_1_79' title='bbox 303 1415 406 1494; x_wconf 88' lang='lat' dir='ltr'>posuit</span> <span class='ocrx_word' id='word_1_80' title='bbox 424 1411 559 1472; x_wconf 92' lang='lat' dir='ltr'>Bibulus.</span> 
     </span>
    </p>

    <p class='ocr_par' dir='ltr' id='par_1_6' title="bbox 265 1517 1305 3427">
     <span class='ocr_line' id='line_1_12' title="bbox 265 1517 1264 1601; baseline -0.001 -22"><span class='ocrx_word' id='word_1_81' title='bbox 265 1521 304 1600; x_wconf 66' lang='lat'>74</span> <span class='ocrx_word' id='word_1_82' title='bbox 325 1519 375 1580; x_wconf 89' lang='lat' dir='ltr'>Sic</span> <span class='ocrx_word' id='word_1_83' title='bbox 395 1519 528 1581; x_wconf 75' lang='lat' dir='ltr'>edixerat</span> <span class='ocrx_word' id='word_1_84' title='bbox 547 1518 674 1580; x_wconf 90' lang='lat' dir='ltr'>Bibulus</span> <span class='ocrx_word' id='word_1_85' title='bbox 694 1518 732 1579; x_wconf 92' lang='lat' dir='ltr'>de</span> <span class='ocrx_word' id='word_1_86' title='bbox 752 1520 848 1601; x_wconf 89' lang='lat' dir='ltr'>pactis</span> <span class='ocrx_word' id='word_1_87' title='bbox 869 1519 1026 1579; x_wconf 88' lang='lat' dir='ltr'>conventis</span> <span class='ocrx_word' id='word_1_88' title='bbox 1040 1521 1121 1580; x_wconf 90' lang='lat' dir='ltr'>inter</span> <span class='ocrx_word' id='word_1_89' title='bbox 1134 1517 1264 1601; x_wconf 86' lang='lat' dir='ltr'>publica-</span> 
     </span>
     <span class='ocr_line' id='line_1_13' title="bbox 303 1625 1264 1710; baseline 0 -24"><span class='ocrx_word' id='word_1_90' title='bbox 303 1649 358 1688; x_wconf 91' lang='lat' dir='ltr'>nos</span> <span class='ocrx_word' id='word_1_91' title='bbox 379 1638 408 1687; x_wconf 91' lang='lat' dir='ltr'>et</span> <span class='ocrx_word' id='word_1_92' title='bbox 428 1626 642 1710; x_wconf 83' lang='lat' dir='ltr'>provinciales:</span> <span class='ocrx_word' id='word_1_93' title='bbox 665 1627 762 1686; x_wconf 83' lang='lat' dir='ltr'>Pacta</span> <span class='ocrx_word' id='word_1_94' title='bbox 775 1636 805 1687; x_wconf 88' lang='lat' dir='ltr'>et</span> <span class='ocrx_word' id='word_1_95' title='bbox 818 1635 966 1686; x_wconf 87' lang='lat' dir='ltr'>conventa</span> <span class='ocrx_word' id='word_1_96' title='bbox 979 1627 1059 1686; x_wconf 88' lang='lat' dir='ltr'>inter</span> <span class='ocrx_word' id='word_1_97' title='bbox 1077 1625 1264 1709; x_wconf 88' lang='lat' dir='ltr'>publicanos,</span> 
     </span>
     <span class='ocr_line' id='line_1_14' title="bbox 303 1732 1264 1816; baseline -0.003 -22"><span class='ocrx_word' id='word_1_98' title='bbox 303 1754 381 1815; x_wconf 74' lang='lat' dir='ltr'>quae</span> <span class='ocrx_word' id='word_1_99' title='bbox 401 1755 455 1794; x_wconf 85' lang='lat' dir='ltr'>nec</span> <span class='ocrx_word' id='word_1_100' title='bbox 475 1736 517 1808; x_wconf 84' lang='lat' dir='ltr'>vi,</span> <span class='ocrx_word' id='word_1_101' title='bbox 536 1755 589 1794; x_wconf 82' lang='lat' dir='ltr'>nec</span> <span class='ocrx_word' id='word_1_102' title='bbox 608 1733 679 1795; x_wconf 83' lang='lat' dir='ltr'>dolo</span> <span class='ocrx_word' id='word_1_103' title='bbox 692 1736 771 1794; x_wconf 84' lang='lat' dir='ltr'>malo</span> <span class='ocrx_word' id='word_1_104' title='bbox 782 1733 873 1816; x_wconf 81' lang='lat' dir='ltr'>facto</span> <span class='ocrx_word' id='word_1_105' title='bbox 884 1745 971 1794; x_wconf 79' lang='lat' dir='ltr'>emet</span> <span class='ocrx_word' id='word_1_106' title='bbox 976 1777 988 1808; x_wconf 91' lang='lat'><em>,</em></span> <span class='ocrx_word' id='word_1_107' title='bbox 1006 1733 1130 1794; x_wconf 78' lang='lat' dir='ltr'><em>servabo</em></span> <span class='ocrx_word' id='word_1_108' title='bbox 1145 1734 1222 1812; x_wconf 90' lang='lat' dir='ltr'>(Cic.</span> <span class='ocrx_word' id='word_1_109' title='bbox 1233 1732 1264 1792; x_wconf 89' lang='lat' dir='ltr'>de</span> 
     </span>
     <span class='ocr_line' id='line_1_15' title="bbox 305 1839 1263 1924; baseline 0 -24"><span class='ocrx_word' id='word_1_110' title='bbox 305 1841 367 1900; x_wconf 80' lang='lat' dir='ltr'>off.</span> <span class='ocrx_word' id='word_1_111' title='bbox 390 1842 447 1914; x_wconf 85' lang='grc' dir='ltr'><strong>ΙΙΙ,</strong></span> <span class='ocrx_word' id='word_1_112' title='bbox 468 1843 533 1921; x_wconf 71' lang='lat'><strong>24).</strong></span> <span class='ocrx_word' id='word_1_113' title='bbox 556 1840 642 1901; x_wconf 93' lang='lat' dir='ltr'>Hanc</span> <span class='ocrx_word' id='word_1_114' title='bbox 663 1843 868 1923; x_wconf 79' lang='lat' dir='ltr'>exceptionem</span> <span class='ocrx_word' id='word_1_115' title='bbox 889 1860 966 1924; x_wconf 84' lang='lat' dir='ltr'>quae</span> <span class='ocrx_word' id='word_1_116' title='bbox 986 1862 1041 1901; x_wconf 87' lang='lat' dir='ltr'>nee</span> <span class='ocrx_word' id='word_1_117' title='bbox 1061 1841 1104 1915; x_wconf 86' lang='lat' dir='ltr'>vi,</span> <span class='ocrx_word' id='word_1_118' title='bbox 1129 1861 1185 1900; x_wconf 84' lang='lat' dir='ltr'>nec</span> <span class='ocrx_word' id='word_1_119' title='bbox 1203 1839 1263 1900; x_wconf 83' lang='lat' dir='ltr'>dolo</span> 
     </span>
     <span class='ocr_line' id='line_1_16' title="bbox 303 1947 1262 2031; baseline 0 -24"><span class='ocrx_word' id='word_1_120' title='bbox 303 1949 384 2007; x_wconf 72' lang='lat' dir='ltr'>niolo</span> <span class='ocrx_word' id='word_1_121' title='bbox 398 1947 489 2030; x_wconf 85' lang='lat' dir='ltr'>facta</span> <span class='ocrx_word' id='word_1_122' title='bbox 513 1960 613 2021; x_wconf 84' lang='lat' dir='ltr'>erunt,</span> <span class='ocrx_word' id='word_1_123' title='bbox 639 1950 801 2031; x_wconf 81' lang='lat' dir='ltr'>scripserat</span> <span class='ocrx_word' id='word_1_124' title='bbox 820 1949 938 2010; x_wconf 82' lang='lat' dir='ltr'>Atticus</span> <span class='ocrx_word' id='word_1_125' title='bbox 963 1949 1054 2029; x_wconf 88' lang='lat' dir='ltr'>nimis</span> <span class='ocrx_word' id='word_1_126' title='bbox 1082 1951 1185 2030; x_wconf 81' lang='lat' dir='ltr'>gravis</span> <span class='ocrx_word' id='word_1_127' title='bbox 1211 1967 1262 2008; x_wconf 87' lang='lat' dir='ltr'>esse</span> 
     </span>
     <span class='ocr_line' id='line_1_17' title="bbox 303 2054 1261 2138; baseline 0.001 -24"><span class='ocrx_word' id='word_1_128' title='bbox 303 2055 480 2137; x_wconf 85' lang='lat' dir='ltr'>praeiudicii</span> <span class='ocrx_word' id='word_1_129' title='bbox 506 2060 538 2115; x_wconf 91' lang='lat' dir='ltr'>in</span> <span class='ocrx_word' id='word_1_130' title='bbox 564 2055 702 2116; x_wconf 87' lang='lat' dir='ltr'>ordinem</span> <span class='ocrx_word' id='word_1_131' title='bbox 728 2067 913 2137; x_wconf 86' lang='lat' dir='ltr'>equestrem,</span> <span class='ocrx_word' id='word_1_132' title='bbox 940 2059 1026 2116; x_wconf 90' lang='lat' dir='ltr'>cuius</span> <span class='ocrx_word' id='word_1_133' title='bbox 1054 2066 1143 2116; x_wconf 86' lang='lat' dir='ltr'>erant</span> <span class='ocrx_word' id='word_1_134' title='bbox 1170 2054 1261 2138; x_wconf 90' lang='lat' dir='ltr'>publi·</span> 
     </span>
     <span class='ocr_line' id='line_1_18' title="bbox 304 2160 1260 2245; baseline -0.001 -26"><span class='ocrx_word' id='word_1_135' title='bbox 304 2163 389 2236; x_wconf 81' lang='lat' dir='ltr'>cani3</span> <span class='ocrx_word' id='word_1_136' title='bbox 411 2161 493 2243; x_wconf 91' lang='lat' dir='ltr'>quod</span> <span class='ocrx_word' id='word_1_137' title='bbox 513 2181 564 2222; x_wconf 90' lang='lat' dir='ltr'>eos</span> <span class='ocrx_word' id='word_1_138' title='bbox 585 2162 719 2245; x_wconf 89' lang='lat' dir='ltr'>quodam</span> <span class='ocrx_word' id='word_1_139' title='bbox 745 2162 839 2224; x_wconf 93' lang='lat' dir='ltr'>modo</span> <span class='ocrx_word' id='word_1_140' title='bbox 860 2173 1003 2245; x_wconf 83' lang='lat' dir='ltr'>argueret</span> <span class='ocrx_word' id='word_1_141' title='bbox 1030 2171 1061 2222; x_wconf 91' lang='lat' dir='ltr'>et</span> <span class='ocrx_word' id='word_1_142' title='bbox 1082 2165 1128 2223; x_wconf 86' lang='lat' dir='ltr'>vis</span> <span class='ocrx_word' id='word_1_143' title='bbox 1155 2173 1187 2224; x_wconf 90' lang='lat' dir='ltr'>et</span> <span class='ocrx_word' id='word_1_144' title='bbox 1210 2160 1260 2222; x_wconf 90' lang='lat' dir='ltr'>doli</span> 
     </span>
     <span class='ocr_line' id='line_1_19' title="bbox 303 2265 1259 2352; baseline 0.002 -27"><span class='ocrx_word' id='word_1_145' title='bbox 303 2265 384 2326; x_wconf 84' lang='lat' dir='ltr'>mali.</span> <span class='ocrx_word' id='word_1_146' title='bbox 404 2267 466 2328; x_wconf 88' lang='lat' dir='ltr'>Nec</span> <span class='ocrx_word' id='word_1_147' title='bbox 485 2269 566 2328; x_wconf 88' lang='lat' dir='ltr'>enim</span> <span class='ocrx_word' id='word_1_148' title='bbox 584 2280 739 2351; x_wconf 85' lang='lat' dir='ltr'>praetores</span> <span class='ocrx_word' id='word_1_149' title='bbox 759 2290 827 2330; x_wconf 89' lang='lat' dir='ltr'>eam</span> <span class='ocrx_word' id='word_1_150' title='bbox 848 2268 1041 2342; x_wconf 88' lang='lat' dir='ltr'>adiecissent,</span> <span class='ocrx_word' id='word_1_151' title='bbox 1060 2271 1125 2330; x_wconf 89' lang='lat' dir='ltr'>nisi·</span> <span class='ocrx_word' id='word_1_152' title='bbox 1141 2270 1259 2352; x_wconf 89' lang='lat' dir='ltr'>suspicio</span> 
     </span>
     <span class='ocr_line' id='line_1_20' title="bbox 304 2371 1258 2460; baseline 0.004 -29"><span class='ocrx_word' id='word_1_153' title='bbox 304 2371 417 2447; x_wconf 88' lang='lat' dir='ltr'>fuisset,</span> <span class='ocrx_word' id='word_1_154' title='bbox 429 2372 608 2457; x_wconf 84' lang='lat' dir='ltr'>publicanos</span> <span class='ocrx_word' id='word_1_155' title='bbox 622 2376 771 2458; x_wconf 84' lang='lat' dir='ltr'>quaedam</span> <span class='ocrx_word' id='word_1_156' title='bbox 786 2398 892 2460; x_wconf 85' lang='lat' dir='ltr'>gerere</span> <span class='ocrx_word' id='word_1_157' title='bbox 905 2378 1099 2440; x_wconf 71' lang='lat' dir='ltr'>consuevisse</span> <span class='ocrx_word' id='word_1_158' title='bbox 1111 2379 1142 2438; x_wconf 92' lang='lat' dir='ltr'>vi</span> <span class='ocrx_word' id='word_1_159' title='bbox 1159 2388 1190 2439; x_wconf 93' lang='lat' dir='ltr'>et</span> <span class='ocrx_word' id='word_1_160' title='bbox 1202 2376 1258 2437; x_wconf 92' lang='lat' dir='ltr'>dolo</span> 
     </span>
     <span class='ocr_line' id='line_1_21' title="bbox 304 2479 1257 2546; baseline 0.004 -8"><span class='ocrx_word' id='word_1_161' title='bbox 304 2479 394 2541; x_wconf 89' lang='lat' dir='ltr'>malo.</span> <span class='ocrx_word' id='word_1_162' title='bbox 413 2481 547 2544; x_wconf 90' lang='lat' dir='ltr'>Proinde</span> <span class='ocrx_word' id='word_1_163' title='bbox 567 2485 674 2544; x_wconf 91' lang='lat' dir='ltr'>Cicero</span> <span class='ocrx_word' id='word_1_164' title='bbox 695 2484 805 2545; x_wconf 92' lang='lat' dir='ltr'>honori</span> <span class='ocrx_word' id='word_1_165' title='bbox 827 2497 857 2546; x_wconf 90' lang='lat' dir='ltr'>et</span> <span class='ocrx_word' id='word_1_166' title='bbox 877 2487 1093 2546; x_wconf 83' lang='lat' dir='ltr'>existimationi</span> <span class='ocrx_word' id='word_1_167' title='bbox 1114 2488 1180 2546; x_wconf 90' lang='lat' dir='ltr'>eius</span> <span class='ocrx_word' id='word_1_168' title='bbox 1193 2483 1257 2546; x_wconf 89' lang='lat' dir='ltr'>ordi-</span> 
     </span>
     <span class='ocr_line' id='line_1_22' title="bbox 306 2589 1256 2673; baseline 0.005 -27"><span class='ocrx_word' id='word_1_169' title='bbox 306 2589 350 2647; x_wconf 90' lang='lat' dir='ltr'>nis</span> <span class='ocrx_word' id='word_1_170' title='bbox 377 2589 548 2649; x_wconf 89' lang='lat' dir='ltr'>consultum</span> <span class='ocrx_word' id='word_1_171' title='bbox 575 2593 699 2672; x_wconf 90' lang='lat' dir='ltr'>cupiens</span> <span class='ocrx_word' id='word_1_172' title='bbox 726 2591 763 2653; x_wconf 93' lang='lat' dir='ltr'>de</span> <span class='ocrx_word' id='word_1_173' title='bbox 784 2592 885 2652; x_wconf 90' lang='lat' dir='ltr'>Bibuli</span> <span class='ocrx_word' id='word_1_174' title='bbox 913 2592 1012 2652; x_wconf 89' lang='lat' dir='ltr'>edicto</span> <span class='ocrx_word' id='word_1_175' title='bbox 1034 2613 1103 2652; x_wconf 87' lang='lat' dir='ltr'>cam</span> <span class='ocrx_word' id='word_1_176' title='bbox 1119 2593 1256 2673; x_wconf 64' lang='lat' dir='ltr'>pxcepfio</span> 
     </span>
     <span class='ocr_line' id='line_1_23' title="bbox 305 2687 1257 2779; baseline 0.002 -26"><span class='ocrx_word' id='word_1_177' title='bbox 305 2715 375 2754; x_wconf 90' lang='lat' dir='ltr'>nem</span> <span class='ocrx_word' id='word_1_178' title='bbox 396 2697 528 2769; x_wconf 86' lang='lat' dir='ltr'>sustulit,</span> <span class='ocrx_word' id='word_1_179' title='bbox 548 2700 673 2779; x_wconf 91' lang='lat' dir='ltr'>eiusque</span> <span class='ocrx_word' id='word_1_180' title='bbox 693 2697 761 2758; x_wconf 91' lang='lat' dir='ltr'>loco</span> <span class='ocrx_word' id='word_1_181' title='bbox 776 2700 867 2762; x_wconf 88' lang='lat' dir='ltr'>aliam</span> <span class='ocrx_word' id='word_1_182' title='bbox 881 2699 1016 2760; x_wconf 88' lang='lat' dir='ltr'>eiusdem</span> <span class='ocrx_word' id='word_1_183' title='bbox 1030 2702 1091 2771; x_wconf 78' lang='lat' dir='ltr'>vis,</span> <span class='ocrx_word' id='word_1_184' title='bbox 1105 2698 1159 2760; x_wconf 91' lang='lat' dir='ltr'>sed</span> <span class='ocrx_word' id='word_1_185' title='bbox 1172 2687 1257 2759; x_wconf 82' lang='lat' dir='ltr'>tectio</span> 
     </span>
     <span class='ocr_line' id='line_1_24' title="bbox 306 2798 1305 2889; baseline 0.002 -28"><span class='ocrx_word' id='word_1_186' title='bbox 306 2823 370 2862; x_wconf 91' lang='lat' dir='ltr'>rem</span> <span class='ocrx_word' id='word_1_187' title='bbox 392 2824 427 2863; x_wconf 91' lang='lat' dir='ltr'>cx</span> <span class='ocrx_word' id='word_1_188' title='bbox 447 2804 545 2864; x_wconf 90' lang='lat' dir='ltr'>edicto</span> <span class='ocrx_word' id='word_1_189' title='bbox 567 2807 697 2865; x_wconf 78' lang='lat' dir='ltr'>Asiatico</span> <span class='ocrx_word' id='word_1_190' title='bbox 724 2806 758 2866; x_wconf 89' lang='lat' dir='ltr'>P.</span> <span class='ocrx_word' id='word_1_191' title='bbox 779 2807 868 2866; x_wconf 87' lang='lat' dir='ltr'>Mutii</span> <span class='ocrx_word' id='word_1_192' title='bbox 890 2806 1095 2888; x_wconf 79' lang='lat' dir='ltr'>(Scaevolae)</span> <span class='ocrx_word' id='word_1_193' title='bbox 1125 2806 1255 2889; x_wconf 85' lang='lat' dir='ltr'>reposuit,</span> <span class='ocrx_word' id='word_1_194' title='bbox 1302 2798 1305 2805; x_wconf 79' lang='grc'><strong>’</strong></span> 
     </span>
     <span class='ocr_line' id='line_1_25' title="bbox 304 2911 1305 3003; baseline 0.004 -36"><span class='ocrx_word' id='word_1_195' title='bbox 304 2919 334 2967; x_wconf 92' lang='lat' dir='ltr'>et</span> <span class='ocrx_word' id='word_1_196' title='bbox 355 2911 396 2969; x_wconf 91' lang='lat' dir='ltr'>sic</span> <span class='ocrx_word' id='word_1_197' title='bbox 416 2931 481 2970; x_wconf 87' lang='lat' dir='ltr'>rem</span> <span class='ocrx_word' id='word_1_198' title='bbox 508 2911 608 2972; x_wconf 92' lang='lat' dir='ltr'>verbis</span> <span class='ocrx_word' id='word_1_199' title='bbox 634 2916 825 2995; x_wconf 89' lang='lat' dir='ltr'>temperavit.</span> <span class='ocrx_word' id='word_1_200' title='bbox 851 2915 964 2975; x_wconf 85' lang='lat' dir='ltr'>Bosius.</span> <span class='ocrx_word' id='word_1_201' title='bbox 986 2914 1133 2976; x_wconf 90' lang='lat' dir='ltr'>Vidimus</span> <span class='ocrx_word' id='word_1_202' title='bbox 1154 2917 1186 2973; x_wconf 91' lang='lat' dir='ltr'>in</span> <span class='ocrx_word' id='word_1_203' title='bbox 1206 2931 1255 2992; x_wconf 82' lang='lat' dir='ltr'>sup.</span> <span class='ocrx_word' id='word_1_204' title='bbox 1303 2984 1305 3003; x_wconf 51' lang='grc' dir='ltr'>Ι</span> 
     </span>
     <span class='ocr_line' id='line_1_26' title="bbox 304 3006 1305 3096; baseline 0.003 -23"><span class='ocrx_word' id='word_1_205' title='bbox 304 3025 366 3074; x_wconf 88' lang='lat' dir='ltr'>not.</span> <span class='ocrx_word' id='word_1_206' title='bbox 387 3015 464 3095; x_wconf 92' lang='lat' dir='ltr'>nihil</span> <span class='ocrx_word' id='word_1_207' title='bbox 489 3017 666 3080; x_wconf 90' lang='lat' dir='ltr'>Ciceronem</span> <span class='ocrx_word' id='word_1_208' title='bbox 695 3021 862 3096; x_wconf 80' lang='lat' dir='ltr'>sustulisse3</span> <span class='ocrx_word' id='word_1_209' title='bbox 887 3020 947 3082; x_wconf 91' lang='lat' dir='ltr'>hoc</span> <span class='ocrx_word' id='word_1_210' title='bbox 975 3033 1077 3082; x_wconf 88' lang='lat' dir='ltr'>autem</span> <span class='ocrx_word' id='word_1_211' title='bbox 1108 3022 1177 3083; x_wconf 91' lang='lat' dir='ltr'>loco</span> <span class='ocrx_word' id='word_1_212' title='bbox 1200 3019 1256 3079; x_wconf 86' lang='lat' dir='ltr'>dicit</span> <span class='ocrx_word' id='word_1_213' title='bbox 1301 3006 1305 3095; x_wconf 68' lang='lat' dir='ltr'><strong>j</strong></span> 
     </span>
     <span class='ocr_line' id='line_1_27' title="bbox 306 3120 1255 3210; baseline 0.007 -31"><span class='ocrx_word' id='word_1_214' title='bbox 306 3120 411 3180; x_wconf 89' lang='lat' dir='ltr'>Cicero</span> <span class='ocrx_word' id='word_1_215' title='bbox 426 3121 558 3183; x_wconf 91' lang='lat' dir='ltr'>edictum</span> <span class='ocrx_word' id='word_1_216' title='bbox 572 3125 673 3186; x_wconf 91' lang='lat' dir='ltr'>Bibuli</span> <span class='ocrx_word' id='word_1_217' title='bbox 688 3127 849 3209; x_wconf 79' lang='lat' dir='ltr'>Syriacum</span> <span class='ocrx_word' id='word_1_218' title='bbox 867 3127 943 3189; x_wconf 91' lang='lat' dir='ltr'>nihil</span> <span class='ocrx_word' id='word_1_219' title='bbox 957 3131 1030 3188; x_wconf 92' lang='lat' dir='ltr'>novi</span> <span class='ocrx_word' id='word_1_220' title='bbox 1045 3127 1178 3202; x_wconf 84' lang='lat' dir='ltr'>habere,</span> <span class='ocrx_word' id='word_1_221' title='bbox 1191 3123 1255 3210; x_wconf 89' lang='lat' dir='ltr'>quod</span> 
     </span>
     <span class='ocr_line' id='line_1_28' title="bbox 305 3229 1255 3319; baseline 0.008 -32"><span class='ocrx_word' id='word_1_222' title='bbox 305 3251 323 3287; x_wconf 89' lang='lat' dir='ltr'>a</span> <span class='ocrx_word' id='word_1_223' title='bbox 337 3250 391 3288; x_wconf 86' lang='lat' dir='ltr'>suo</span> <span class='ocrx_word' id='word_1_224' title='bbox 402 3229 547 3305; x_wconf 80' lang='lat' dir='ltr'>differat,</span> <span class='ocrx_word' id='word_1_225' title='bbox 567 3246 689 3316; x_wconf 92' lang='lat' dir='ltr'>praeter</span> <span class='ocrx_word' id='word_1_226' title='bbox 709 3236 793 3297; x_wconf 86' lang='lat' dir='ltr'>illam</span> <span class='ocrx_word' id='word_1_227' title='bbox 814 3239 1037 3317; x_wconf 79' lang='lat' dir='ltr'>exceptionem,</span> <span class='ocrx_word' id='word_1_228' title='bbox 1057 3259 1155 3319; x_wconf 86' lang='lat' dir='ltr'>quam</span> <span class='ocrx_word' id='word_1_229' title='bbox 1168 3238 1255 3315; x_wconf 80' lang='lat' dir='ltr'>etipse</span> 
     </span>
     <span class='ocr_line' id='line_1_29' title="bbox 306 3336 1265 3427; baseline 0.009 -34"><span class='ocrx_word' id='word_1_230' title='bbox 306 3336 428 3416; x_wconf 91' lang='lat' dir='ltr'>quidem</span> <span class='ocrx_word' id='word_1_231' title='bbox 450 3341 511 3397; x_wconf 87' lang='lat' dir='ltr'>iarn</span> <span class='ocrx_word' id='word_1_232' title='bbox 531 3342 563 3399; x_wconf 91' lang='lat' dir='ltr'>in</span> <span class='ocrx_word' id='word_1_233' title='bbox 584 3363 639 3402; x_wconf 92' lang='lat' dir='ltr'>suo</span> <span class='ocrx_word' id='word_1_234' title='bbox 660 3341 811 3416; x_wconf 85' lang='lat' dir='ltr'>hahebat,</span> <span class='ocrx_word' id='word_1_235' title='bbox 824 3344 876 3404; x_wconf 90' lang='lat' dir='ltr'>sed</span> <span class='ocrx_word' id='word_1_236' title='bbox 890 3344 956 3404; x_wconf 90' lang='lat' dir='ltr'>aliis</span> <span class='ocrx_word' id='word_1_237' title='bbox 971 3343 1072 3405; x_wconf 91' lang='lat' dir='ltr'>verbis</span> <span class='ocrx_word' id='word_1_238' title='bbox 1087 3353 1265 3427; x_wconf 79' lang='lat' dir='ltr'>conceptam·</span> 
     </span>
    </p>

    <p class='ocr_par' dir='ltr' id='par_1_7' title="bbox 267 3441 1255 3831">
     <span class='ocr_line' id='line_1_30' title="bbox 267 3441 1255 3530; baseline 0.01 -30"><span class='ocrx_word' id='word_1_239' title='bbox 267 3441 305 3520; x_wconf 85' lang='lat'>75</span> <span class='ocrx_word' id='word_1_240' title='bbox 326 3442 413 3501; x_wconf 83' lang='lat' dir='ltr'>Amb.</span> <span class='ocrx_word' id='word_1_241' title='bbox 434 3443 469 3503; x_wconf 86' lang='lat'>16</span> <span class='ocrx_word' id='word_1_242' title='bbox 489 3467 558 3505; x_wconf 90' lang='lat' dir='ltr'>cum</span> <span class='ocrx_word' id='word_1_243' title='bbox 580 3448 647 3508; x_wconf 88' lang='lat' dir='ltr'>edd.</span> <span class='ocrx_word' id='word_1_244' title='bbox 669 3449 822 3530; x_wconf 91' lang='lat' dir='ltr'>prioribus</span> <span class='ocrx_word' id='word_1_245' title='bbox 843 3460 872 3511; x_wconf 90' lang='lat' dir='ltr'>et</span> <span class='ocrx_word' id='word_1_246' title='bbox 891 3451 1031 3513; x_wconf 86' lang='lat' dir='ltr'>Victorio</span> <span class='ocrx_word' id='word_1_247' title='bbox 1053 3455 1204 3513; x_wconf 85' lang='lat' dir='ltr'>certiorem</span> <span class='ocrx_word' id='word_1_248' title='bbox 1219 3445 1255 3506; x_wconf 85' lang='lat' dir='ltr'>vel</span> 
     </span>
     <span class='ocr_line' id='line_1_31' title="bbox 304 3552 1253 3639; baseline 0.012 -31"><span class='ocrx_word' id='word_1_249' title='bbox 304 3552 460 3611; x_wconf 84' lang='lat' dir='ltr'>rectiorem.</span> <span class='ocrx_word' id='word_1_250' title='bbox 482 3553 541 3613; x_wconf 88' lang='lat' dir='ltr'>Sed</span> <span class='ocrx_word' id='word_1_251' title='bbox 563 3559 707 3618; x_wconf 83' lang='lat' dir='ltr'>tectiorem</span> <span class='ocrx_word' id='word_1_252' title='bbox 735 3568 797 3628; x_wconf 78' lang='lat' dir='ltr'>cst,</span> <span class='ocrx_word' id='word_1_253' title='bbox 817 3579 895 3639; x_wconf 86' lang='lat' dir='ltr'>quae</span> <span class='ocrx_word' id='word_1_254' title='bbox 919 3558 1029 3618; x_wconf 89' lang='lat' dir='ltr'>diserte</span> <span class='ocrx_word' id='word_1_255' title='bbox 1050 3561 1195 3620; x_wconf 91' lang='lat' dir='ltr'>vitiorum</span> <span class='ocrx_word' id='word_1_256' title='bbox 1213 3577 1253 3638; x_wconf 82' lang='lat' dir='ltr'>ge·</span> 
     </span>
     <span class='ocr_line' id='line_1_32' title="bbox 304 3665 1253 3756; baseline 0.014 -40"><span class='ocrx_word' id='word_1_257' title='bbox 304 3678 379 3718; x_wconf 88' lang='lat' dir='ltr'>nera</span> <span class='ocrx_word' id='word_1_258' title='bbox 398 3681 460 3720; x_wconf 90' lang='lat' dir='ltr'>non</span> <span class='ocrx_word' id='word_1_259' title='bbox 481 3676 713 3737; x_wconf 81' lang='lat' dir='ltr'>commemorat,</span> <span class='ocrx_word' id='word_1_260' title='bbox 735 3687 889 3747; x_wconf 88' lang='lat' dir='ltr'>quamque</span> <span class='ocrx_word' id='word_1_261' title='bbox 915 3665 954 3726; x_wconf 89' lang='lat' dir='ltr'>ad</span> <span class='ocrx_word' id='word_1_262' title='bbox 974 3687 1006 3756; x_wconf 76' lang='lat' dir='ltr'>se</span> <span class='ocrx_word' id='word_1_263' title='bbox 1032 3671 1186 3748; x_wconf 88' lang='lat' dir='ltr'>pertinere</span> <span class='ocrx_word' id='word_1_264' title='bbox 1207 3684 1253 3746; x_wconf 83' lang='lat' dir='ltr'>pu·</span> 
     </span>
     <span class='ocr_line' id='line_1_33' title="bbox 304 3763 653 3831; baseline 0.026 -9"><span class='ocrx_word' id='word_1_265' title='bbox 304 3763 414 3825; x_wconf 89' lang='lat' dir='ltr'>blicani</span> <span class='ocrx_word' id='word_1_266' title='bbox 435 3788 497 3828; x_wconf 90' lang='lat' dir='ltr'>non</span> <span class='ocrx_word' id='word_1_267' title='bbox 518 3773 653 3831; x_wconf 86' lang='lat' dir='ltr'>sentiant.</span> 
     </span>
    </p>
   </div>
   <div class='ocr_carea' id='block_1_3' title="bbox 235 3867 1248 4058">
    <p class='ocr_par' dir='ltr' id='par_1_8' title="bbox 235 3867 1248 4058">
     <span class='ocr_line' id='line_1_34' title="bbox 266 3867 1248 3962; baseline -0.007 -16"><span class='ocrx_word' id='word_1_268' title='bbox 266 3867 304 3946; x_wconf 82' lang='grc'>76</span> <span class='ocrx_word' id='word_1_269' title='bbox 324 3871 362 3930; x_wconf 90' lang='lat' dir='ltr'>H·</span> <span class='ocrx_word' id='word_1_270' title='bbox 384 3894 409 3933; x_wconf 85' lang='lat' dir='ltr'>e.</span> <span class='ocrx_word' id='word_1_271' title='bbox 430 3877 561 3955; x_wconf 89' lang='lat' dir='ltr'>pertinet</span> <span class='ocrx_word' id='word_1_272' title='bbox 581 3879 620 3938; x_wconf 85' lang='lat' dir='ltr'>ad</span> <span class='ocrx_word' id='word_1_273' title='bbox 646 3883 765 3961; x_wconf 81' lang='lat' dir='ltr'>negotio</span> <span class='ocrx_word' id='word_1_274' title='bbox 791 3881 997 3962; x_wconf 85' lang='lat' dir='ltr'>provincialia.</span> <span class='ocrx_word' id='word_1_275' title='bbox 1025 3881 1099 3943; x_wconf 89' lang='lat' dir='ltr'>Mox</span> <span class='ocrx_word' id='word_1_276' title='bbox 1122 3879 1248 3953; x_wconf 82' lang='lat' dir='ltr'>Amb.17</span> 
     </span>
     <span class='ocr_line' id='line_1_35' title="bbox 235 3983 599 4058; baseline 0.014 -22"><span class='ocrx_word' id='word_1_277' title='bbox 235 4015 246 4049; x_wconf 73' lang='lat'>‚</span> <span class='ocrx_word' id='word_1_278' title='bbox 303 3996 332 4035; x_wconf 75' lang='lat' dir='ltr'>ur</span> <span class='ocrx_word' id='word_1_279' title='bbox 352 3998 411 4058; x_wconf 75' lang='lat' dir='ltr'>quo</span> <span class='ocrx_word' id='word_1_280' title='bbox 430 3983 510 4043; x_wconf 82' lang='lat' dir='ltr'>inest.</span> <span class='ocrx_word' id='word_1_281' title='bbox 597 3991 599 3995; x_wconf 81' lang='grc'>’</span> 
     </span>
    </p>
   </div>
   <div class='ocr_carea' id='block_1_4' title="bbox 0 0 1318 4854">
    <p class='ocr_par' dir='ltr' id='par_1_9' title="bbox 0 0 1318 4854">
     <span class='ocr_line' id='line_1_36' title="bbox 0 0 1318 4854; baseline 0 0"><span class='ocrx_word' id='word_1_282' title='bbox 0 0 1318 4854; x_wconf 95' lang='lat' dir='ltr'> </span> 
     </span>
    </p>
   </div>
  </div>
 </body>
</html>
