2626 4854
152 328 222 421 264
517 347 785 398 nunorsrronrs

150 453 190 530 34
211 452 304 523 idest,
325 462 474 533 quantum
494 452 618 534 quidem
639 454 670 511 in
691 472 740 511 me
760 450 836 522 fuit,
867 449 1010 532 Scaptius
1036 451 1147 532 accepit

187 561 350 642 pecuniam
370 580 465 620 suam.
478 560 554 619 Nam
575 558 795 620 decernebatur
815 560 961 641 pecuniae
982 556 1109 629 solutio,
1127 559 1147 617 si

189 667 239 727 itte
260 666 353 726 modo
374 669 510 749 accipere
531 667 684 728 voluisset.
705 667 822 726 Ernest.
835 665 937 725 Minus
951 674 1032 725 recte
1047 662 1148 723 Olive-

188 786 237 834 tus
258 778 475 835 correctionem
503 795 538 834 ex
569 776 690 856 ingenio
710 774 814 834 Vrsini
842 784 872 833 et
891 773 1021 832 Manutii
1042 772 1150 852 recepit

188 883 319 943 solvatur
329 903 381 942 aes
393 882 425 942 S.
436 903 459 942 s.
474 882 529 942 Est
540 885 619 943 enim
635 881 717 965 apud
730 882 874 942 Plautum
890 881 983 959 (Asin.
994 879 1034 951 H,
1043 879 1148 959 4,47);

189 989 291 1049 Istlnrc
311 1002 461 1068 argentum
483 1001 581 1050 tamen
600 991 671 1050 miti
682 990 709 1048 si
720 990 760 1049 nis
780 987 982 1058 dinumerare,
1001 986 1148 1064 repromit-

191 1110 252 1156 tam
271 1097 363 1156 isthoc
383 1099 499 1157 nomine
519 1098 646 1158 solutam
667 1117 729 1156 rem
741 1094 890 1176 flaturam.
916 1093 1088 1155 Lambinus
1107 1115 1147 1155 so-

191 1203 253 1262 lnta
273 1223 313 1262 ns.
338 1203 410 1263 Mox
432 1204 525 1285 vulgo
552 1225 642 1285 quam
667 1202 818 1262 decretum
841 1203 898 1273 sit,
929 1200 1014 1282 quod
1035 1200 1148 1282 Popma

190 1330 279 1390 qrmm
298 1331 427 1391 aequum
455 1309 606 1371 decretum
633 1312 681 1382 sit,
709 1310 866 1370 Ernestius
897 1329 988 1390 quum
1008 1309 1083 1368 bene
1102 1307 1147 1368 dc-

189 1427 299 1475 rretnm
319 1418 356 1477 sit
375 1416 576 1497 corrigebant.
597 1417 748 1479 Vltimum
770 1418 900 1498 recepit,
928 1425 963 1476 ut
982 1415 1148 1497 expleretur

190 1521 295 1583 saltem
316 1525 475 1596 sententia,
497 1523 664 1584 Schiitzius.
696 1523 766 1605 Ego
793 1524 1014 1583 correctionem
1036 1522 1149 1593 Vrsini,

190 1650 268 1711 quae
288 1633 416 1713 propius
436 1652 454 1690 a
475 1652 544 1691 mss.
560 1629 658 1703 abest,
678 1630 807 1713 praetuli
829 1650 900 1690 cum
914 1628 1045 1700 Lamb.,
1066 1649 1147 1710 quae·

189 1758 248 1817 que
269 1739 416 1818 optimam
438 1741 615 1798 sententiam
637 1738 718 1798 facit.

150 1842 189 1903 35
209 1842 287 1903 Edd.
310 1845 418 1905 Minut.
441 1845 510 1905 aldi
536 1868 596 1906 non
618 1846 792 1905 mentionem
804 1844 925 1926 facian
947 1846 1050 1906 verius
1071 1854 1147 1925 puto.

151 1949 190 2010 36
210 1952 257 2011 De
278 1972 311 2011 re
330 1951 416 2032 publ.
437 1952 535 2013 Erant
555 1964 620 2012 tum
648 1973 698 2013 sex
723 1963 841 2012 tantum
862 1955 984 2034 scripti3
1014 1962 1086 2035 post
1103 1951 1147 2011 alii

189 2056 304 2135 additi3
324 2078 396 2118 nam
417 2058 456 2118 ad
477 2060 627 2136 Quintum
648 2061 772 2121 fratrem
794 2081 840 2141 ep.
862 2059 977 2132 CLIV,
1007 2081 1018 2118 1
1043 2079 1147 2119 novem

187 2175 406 2225 memorantur.
432 2166 549 2227 Ernest.
577 2167 692 2249 Supra,
719 2161 750 2220 τό
767 2168 825 2243 γὰρ
850 2177 906 2228 etc.
938 2181 1051 2227 rectum
1079 2169 1148 2228 enim

187 2292 317 2343 rnecrrm,
343 2269 374 2331 h.
395 2292 421 2332 e.
442 2273 554 2332 iustitia
574 2294 632 2355 pro
660 2294 709 2333 me
731 2273 813 2349 facit,
844 2272 1060 2356 Aristophanis
1083 2294 1147 2334 ver-

189 2398 239 2437 sus
259 2375 316 2437 661
341 2380 372 2438 in
393 2377 523 2439 Acharn.

151 2484 188 2564 37
212 2483 280 2544 Hoc
300 2496 344 2544 est
350 2529 361 2558 ,
380 2487 524 2545 vitiosum
545 2498 643 2568 putas.
664 2488 780 2548 Ernest.
807 2486 878 2548 Mox
899 2487 1013 2569 legitur
1033 2490 1065 2548 in
1084 2509 1147 2547 mss.

191 2590 243 2650 Cn.
265 2591 390 2666 Flavio,
410 2594 517 2665 Annii,
542 2594 589 2654 vei
611 2595 693 2654 Anci
703 2595 778 2676 filio.
801 2594 980 2676 Corrigebat
1000 2596 1145 2655 Manutius

191 2698 244 2759 Cn.
266 2700 323 2772 Ε,
354 2703 427 2782 quia
453 2712 483 2761 et
503 2700 558 2760 filii
580 2723 598 2760 a
618 2704 816 2783 praenomine
836 2705 931 2784 patris
953 2701 1145 2762 ostendeban-

186 2818 255 2878 tur,
276 2820 306 2867 et
327 2808 443 2867 Annius
462 2829 524 2867 non
545 2829 753 2889 praenomen,
785 2808 837 2869 sed
863 2830 977 2869 nomen
999 2821 1046 2870 est
1066 2809 1144 2870 fami·

186 2913 252 2970 liae.
273 2912 433 2972 Praeterea
454 2914 596 2974 Flavium
618 2914 700 2974 hunc
720 2913 850 2974 scribam
867 2915 919 2975 Cn.
935 2916 974 2974 F.
989 2927 1082 2977 vocat
1099 2917 1144 2975 Li-

185 3018 253 3075 vius
276 3018 332 3088 IX,
353 3017 400 3094 46.
426 3018 479 3079 Cn.
494 3020 532 3078 F.
547 3019 661 3081 habent
681 3020 748 3081 edd.
769 3041 829 3102 pn,
844 3031 874 3082 et
888 3021 1063 3084 rescribunt
1075 3042 1144 3083 nunc

186 3143 299 3183 omnes.

89 3205 91 3210 ,
148 3228 187 3290 38
209 3231 388 3331 eri,lteste
408 3235 496 3294 Livio
519 3236 596 3314 (VI,
624 3237 662 3314 42
684 3237 793 3315 extu),
822 3239 913 3296 creati
936 3248 1009 3298 sunt
1041 3259 1088 3297 an.
1112 3235 1143 3297 V.

187 3335 220 3394 C.
235 3337 356 3410 CCCH,
371 3340 481 3401 aediles
495 3353 595 3403 autern
611 3344 729 3403 curules
743 3345 778 3402 A.
788 3341 1069 3405 'CCCLXXXVIL
1084 3343 1142 3402 Fla·

184 3445 251 3503 vius
266 3445 379 3517 scriba,
401 3469 494 3528 quum
510 3451 657 3531 populus,
679 3453 730 3530 qui
753 3449 814 3509 dies
830 3460 884 3508 aut
896 3449 1008 3510 nefasti
1022 3461 1075 3510 aut
1086 3449 1142 3508 fasti

184 3562 282 3610 essent
304 3553 314 3630 (
320 3552 350 3611 id
365 3565 409 3614 est
422 3555 532 3636 quibus
547 3556 651 3616 dielnrs
664 3557 745 3616 nosos
760 3567 852 3625 esset,
875 3555 923 3615 vei
941 3556 985 3616 fas
1002 3559 1049 3617 ius
1065 3573 1139 3616 suum

184 3661 325 3739 persequi
349 3662 379 3719 in
400 3661 543 3740 iudicio),
572 3665 740 3743 ignoraret,
767 3682 936 3741 corumque
957 3667 1139 3724 notionema

184 3765 402 3826 iurisconsultis
423 3781 556 3850 peteret,
587 3773 650 3851 ipse
677 3771 766 3829 fastos
795 3770 875 3827 circa
901 3768 1006 3829 forum
1030 3773 1060 3831 in
1079 3768 1137 3828 albo

182 3876 356 3953 proposuit,
385 3887 435 3949 ut,
463 3877 585 3957 quando
607 3878 673 3958 lego
695 3879 743 3956 agi
765 3886 888 3958 posset,
915 3880 1053 3940 sciretur.
1078 3879 1134 3955 QUO
