2626 4854
266 335 340 412 356
631 349 905 407 enutriamus

301 460 407 521 medici
424 457 580 542 appeliant
606 469 739 543 κριτικοὺς
755 469 772 528 ἣ
794 467 951 543 κρισίμους,
970 451 1081 536 setique
1101 452 1195 513 videri
1212 456 1266 535 pri-

301 587 382 628 mam
398 565 631 639 hebdomatam,
643 579 673 625 et
684 563 845 626 secundom
852 608 865 638 ,
875 574 905 623 et
919 562 1043 622 tertrbm.
1065 560 1159 621 More
1170 580 1267 642 graeco

303 671 490 733 hebdomada
516 693 575 756 pro
602 672 697 733 latino
716 669 950 746 hebdomadam
972 665 1058 750 quod
1079 668 1186 751 ipsum
1203 689 1268 728 non·

301 780 377 841 uuiti
399 779 468 841 libri
489 779 603 841 babent
623 800 693 840 cum
713 779 856 837 Graevio.

262 887 396 968 9Qnod
426 887 558 968 Lysoni,
583 908 602 947 a
628 902 691 965 quo
712 902 779 943 eras
805 884 970 954 invitatus,
997 901 1114 963 negare
1143 880 1268 941 noluisti.

253 988 257 996 ’
304 993 425 1054 Sobiitz.
438 993 584 1053 Dedimus
597 988 719 1073 quondo
733 1009 802 1050 cum
819 987 905 1049 libris
917 987 981 1050 fere
1000 985 1161 1059 omnibus.
1175 987 1267 1069 Vulgo

303 1096 584 1182 quum-minuti
605 1096 734 1180 obsequi.

269 1224 304 1265 ro
323 1204 371 1263 De
390 1205 519 1284 pecunia
544 1203 695 1284 intellige,
720 1201 842 1262 nonde
872 1200 1010 1262 honore:
1038 1198 1126 1261 unde
1153 1200 1269 1262 botoro-

303 1310 396 1381 uum,
419 1311 590 1390 praemium
618 1328 708 1370 causa
734 1308 861 1370 honoris
886 1307 1001 1374 datum.
1031 1307 1156 1368 Manat.
1182 1307 1269 1388 Epist

304 1415 546 1477 CCLXXXVIII
566 1414 645 1476 med.
674 1414 793 1477 Medico
820 1415 876 1497 ι’ρεί
896 1425 972 1494 puto
997 1412 1122 1497 aliquid
1146 1413 1270 1475 dandum

304 1543 385 1594 esse,
413 1543 473 1605 quo
497 1525 535 1583 sit
559 1521 726 1585 studiosior.
745 1522 835 1595 Misi,
853 1532 889 1582 ut
908 1523 940 1581 in
960 1541 1009 1603 ep.
1031 1520 1269 1582 DCCLXXXVI

304 1630 385 1689 circa
404 1627 473 1701 fin,
492 1649 550 1710 pro
571 1628 722 1690 mandavi.

269 1756 299 1795 11
323 1735 439 1796 Romae
464 1745 593 1796 notum>
610 1737 757 1819 pecuniae
784 1735 976 1807 soluturum,
999 1744 1158 1815 quantum
1187 1734 1267 1794 Curio

304 1840 404 1903 Patris
424 1841 569 1903 solvisset

268 1968 304 2008 ra
325 1949 460 2009 Caesaris
480 1969 585 2025 causa3
606 1968 653 2032 ep.
675 1946 901 2020 CCLXXXIV,
921 1967 949 2008 a.
972 1945 1102 2009 Comari.
1123 1947 1209 2009 Dicit
1221 1969 1266 2008 au-

304 2064 365 2114 tern
386 2075 428 2116 ex
448 2053 519 2115 Καί
535 2055 618 2129 lan,
634 2057 706 2136 quia
719 2065 793 2116 tunc
805 2056 952 2137 temporis
965 2055 1040 2115 novi
1056 2055 1199 2116 consules
1212 2075 1266 2114 ma·

305 2164 464 2241 gistratum
476 2160 608 2234 inibant,
622 2165 673 2245 qui
688 2162 824 2224 eonsules
837 2181 895 2244 pro
909 2161 1063 2244 Pompeio
1078 2172 1192 2223 contra
1205 2162 1266 2223 Cae

306 2288 402 2327 sarem
424 2279 511 2329 erant
530 2268 648 2332 tacturi.

271 2375 305 2435 13
327 2373 419 2434 Abest
439 2375 494 2436 boc
511 2373 554 2436 ab
574 2374 662 2436 Amb.
685 2398 720 2457 7,
741 2375 803 2437 zet.
823 2375 848 2435 B
868 2386 898 2437 et
919 2375 991 2436 Rec.

271 2481 307 2556 ¹4
320 2481 469 2540 Nimirum
484 2479 633 2555 decurras,
645 2484 706 2543 sive
717 2485 839 2564 naviges
849 2481 950 2554 veliam
961 2502 1009 2563 ep.
1018 2481 1265 2544 ccnxxxvtfl.

272 2586 307 2646 15
329 2588 380 2646 Sic
400 2587 584 2663 Lambinus,
602 2588 782 2650 Benedictus
803 2599 834 2649 et
854 2588 980 2662 Schiit23
996 2591 1085 2648 cuius
1100 2591 1225 2670 vestigia
1236 2588 1265 2647 le·

307 2696 413 2754 ctionis
433 2706 554 2777 praeter
567 2695 631 2757 Pal.
646 2707 716 2757 sext,
739 2695 853 2756 babent
873 2706 934 2755 tres
949 2694 1062 2755 ambb.
1077 2695 1212 2777 legentes
1223 2707 1265 2754 ste·

262 2886 263 2889 ¹
309 2803 383 2861 teris.
406 2802 503 2864 Ceteri
524 2804 699 2865 incolumem
711 2802 830 2883 feceris.
844 2802 1008 2864 'Ernestius
1031 2804 1049 2863 i.
1069 2802 1248 2884 praestiteris.

691 3017 849 3080 ccxciii.

273 3244 282 3282 ι
308 3223 423 3305 Nempe
445 3229 525 3287 venti
547 3227 586 3287 ab
608 3229 783 3290 Onchesmo
803 3226 890 3310 Epin'
905 3238 998 3310 portu
1016 3230 1136 3313 (prope
1149 3228 1257 3291 Buthro
1287 3204 1292 3209 Ι

261 3410 265 3417 Ἰ
305 3332 405 3409 tum),
419 3353 509 3412 quem
523 3337 661 3395 nominat
673 3334 863 3395 Ptolemaeus
878 3334 937 3406 ΙΙΙ,
956 3335 1001 3411 14.
1016 3337 1148 3398 Manut.
1169 3337 1212 3396 Sic
1222 3353 1256 3393 re·

307 3438 404 3497 stituit
423 3438 548 3500 Latinus
569 3443 706 3502 Latinius
720 3440 802 3523 apud
817 3440 933 3502 Victor.
948 3441 1024 3504 Var.
1040 3444 1111 3506 lect.
1129 3439 1255 3506 xxxvl,

311 3563 354 3602 ιι.
377 3544 413 3602 In
434 3545 522 3607 codd.
544 3559 588 3608 est
608 3547 807 3619 onclresmitis,
828 3546 912 3628 quod
932 3547 1028 3630 aliqui
1044 3551 1076 3609 in
1095 3547 1254 3614 Auienus.

306 3646 357 3708 alii
379 3652 411 3710 iu
431 3665 531 3712 auster
549 3656 626 3716 mitis
646 3663 811 3716 mutarunt.

268 3772 287 3812 o
309 3753 400 3817 Hunc
420 3761 618 3840 spondaicum
640 3782 778 3836 versum,
799 3761 850 3842 qui
872 3759 947 3821 mihi
962 3763 1073 3824 excidit
1095 3765 1125 3825 in
1147 3759 1251 3824 scribet

307 3859 363 3922 do:
385 3864 485 3928 Flavii
504 3871 542 3931 ab
564 3870 657 3953 Epiro
678 3870 840 3932 lenissimus
856 3868 1076 3945 Onchesmites,
1088 3869 1251 3949 venditapo
