2626 4854
154 346 225 423 272
518 336 791 390 SMNOTM'IONES

188 465 259 507 nem
280 443 417 505 Nasicam
425 461 443 518 ,·
455 462 540 513 eum,
561 444 614 524 qui
636 428 742 502 consul
763 441 823 501 fait
842 460 912 501 cum
932 442 974 502 D.
996 441 1158 525 Calpurnio

189 553 290 614 Bestia
304 552 339 612 A.
352 551 392 613 V.
413 549 447 610 C.
470 549 629 622 DCXLll,
648 569 800 632 proavum
820 547 856 608 P.
876 547 1054 630 Scipionem
1076 549 1158 610 Sera-

190 662 332 744 pionem,
352 660 405 741 qui
426 656 531 717 consul
546 656 672 738 quidem
686 657 745 716 fuit
759 657 812 736 (A.
826 655 865 717 V.
881 655 915 714 C.
928 656 1082 736 DCXV),
1095 678 1158 718 cen-

190 786 242 828 sor
260 787 324 826 non
344 765 416 826 fuit:
438 763 522 846 quod
536 763 709 846 Scipionem
724 762 880 823 Metellum
894 765 1053 844 ignorasse
1066 775 1097 824 et
1109 785 1157 825 ve·

190 873 349 936 hementer
367 874 498 933 miratur
518 872 640 945 Cicero,
653 881 684 931 et
697 870 812 931 irridet.
833 871 992 951 ignorasse
1012 881 1117 930 autem
1129 892 1158 932 se

190 981 356 1043 declaravit
377 979 492 1062 Scipio,
506 990 572 1040 tum
586 999 621 1039 ex
635 998 785 1050 sermone,
795 997 888 1058 quem
902 976 1013 1037 babuit
1026 998 1097 1037 cum
1111 980 1158 1037 tt-

187 1090 262 1160 tico,
282 1091 314 1147 in
328 1108 390 1169 quo
403 1086 506 1147 forsan
523 1086 699 1147 Ciceronem
714 1084 797 1166 apud
810 1105 881 1144 eum
895 1083 1156 1167 reprehendebat,

189 1195 276 1276 quasi
298 1197 329 1254 in
350 1196 411 1254 suis
432 1193 517 1254 libris
540 1192 596 1273 (de
617 1192 809 1274 republica)
832 1203 986 1273 negasset,
1008 1211 1157 1252 censorem

189 1301 296 1379 fuisse3
309 1312 376 1362 tum
395 1321 431 1362 ex
445 1299 565 1361 duabus
579 1303 672 1383 ipsius
687 1299 860 1382 Serapionis
875 1301 999 1371 statuis,
1013 1299 1109 1359 altera
1122 1297 1158 1357 ad

190 1408 283 1491 Opis,
297 1408 392 1470 altera
405 1407 445 1468 ad
458 1408 592 1469 Pollucis
613 1409 730 1490 posita,
743 1405 804 1466 hoc
817 1406 986 1487 intelligere
1007 1408 1155 1488 potuerit:

189 1517 220 1575 in
235 1536 366 1597 quarum
380 1526 490 1577 neutra
505 1513 691 1588 CENSOR,
703 1516 736 1574 in
749 1524 880 1595 utraque
895 1510 1047 1574 CONSV
1044 1512 1072 1570 L
1092 1523 1156 1572 tan-

190 1632 258 1683 tum
279 1625 426 1706 scriptum
438 1623 573 1704 legatur;
587 1642 683 1704 quum
705 1622 803 1681 omitti
824 1619 917 1681 decus
937 1618 1016 1679 illud
1036 1641 1093 1679 nec
1111 1618 1157 1678 de-

189 1727 306 1802 buerit,
324 1750 381 1791 nec
400 1729 523 1791 soleret:
543 1740 610 1790 tum
631 1726 762 1810 denique
776 1727 859 1809 quod
876 1726 1014 1787 Africani
1030 1737 1156 1787 statuam

192 1839 360 1898 censoriam
380 1839 413 1897 in
435 1837 609 1920 Serapionis
624 1837 819 1919 inscriptione
832 1836 987 1918 posuerit,
1004 1855 1041 1895 ac
1054 1836 1079 1895 si
1100 1837 1157 1916 ipse

190 1964 315 2025 quoque
329 1943 457 2027 Serapio
472 1965 579 2006 censor
598 1943 721 2004 fuisset:
740 1941 880 2025 nihilque
894 1942 1038 2014 referret,
1059 1954 1156 2004 utrum

190 2050 325 2111 Africani
349 2045 452 2132 imago
473 2050 648 2134 Serapionis
668 2052 856 2133 inscriptioni
877 2052 1106 2133 imponeretur,
1123 2071 1155 2110 an

190 2155 282 2216 buius
296 2160 328 2216 in
342 2156 483 2218 Africani.
504 2159 593 2238 Quae
613 2159 731 2218 inscitia
751 2159 890 2218 Ciceroni
904 2178 940 2218 eo
955 2159 1082 2240 turpior
1100 2160 1154 2217 visa

191 2272 246 2334 est,
256 2261 340 2343 quod
350 2262 593 2325 animadvertere
602 2267 746 2348 potuerit,
755 2275 825 2347 post
835 2265 960 2326 Nasicae
971 2265 1154 2326 consulatum

188 2389 249 2427 non
263 2369 356 2429 modo
369 2370 507 2430 Nasicam
520 2372 637 2454 ipsum,
658 2392 814 2433 censorem
834 2371 948 2433 factum
971 2393 1037 2433 nou
1058 2372 1154 2443 fuisse,

189 2475 242 2536 sed
261 2497 302 2543 ne¹
320 2476 497 2539 Cornelium
514 2479 637 2560 quidem
652 2480 802 2561 aliquem,
814 2478 868 2539 illo
882 2482 1016 2540 vivente.
1032 2481 1151 2561 Mabrsp.

189 2583 270 2643 lnter
283 2592 395 2644 statuas
416 2595 518 2644 autem
539 2597 710 2666 equestres,
729 2606 804 2667 quas
818 2586 959 2646 Metellus
983 2586 1088 2670 Scipio
1107 2607 1150 2668 po—

189 2690 296 2762 suerit,
309 2711 403 2750 unam
417 2691 525 2753 Cicero
539 2703 625 2751 notat
638 2713 701 2752 esse
715 2692 864 2774 Scipionis
877 2693 1015 2753 Africani
1031 2694 1152 2763 GENS,

188 2797 237 2853 cui
259 2806 360 2855 tamen
380 2799 413 2856 in
433 2796 654 2880 subscriptione
675 2799 812 2859 additum
835 2801 873 2860 sit
894 2820 1010 2862 nomen
1024 2801 1150 2885 Serapio·

190 2903 254 2974 nis,
274 2903 357 2982 quod
378 2915 513 2965 erratum
534 2927 566 2966 se
585 2904 692 2967 fabrile
712 2916 850 2989 putasse,
871 2927 957 2966 nunc
975 2908 1083 2970 videre
1101 2926 1149 2968 esse

188 3006 310 3067 Metelli.
325 3009 447 3070 Setae.
460 3010 569 3085 Aldus,
589 3013 683 3073 Herv.
703 3011 811 3072 Lamb.
834 3012 1021 3094 Scipionem
1042 3027 1074 3076 et
1086 3014 1148 3075 infra

191 3111 259 3172 cdd.
281 3113 356 3175 lens.
377 3118 501 3199 eiusque
522 3139 640 3180 sorores
661 3131 792 3201 utroque
806 3121 874 3180 loco
888 3141 1043 3182 censorem
1053 3121 1147 3206 fiilos,

189 3220 301 3279 omisso
328 3243 404 3295 non3
429 3224 513 3306 quod
539 3237 642 3286 tamen
669 3237 749 3288 recte
775 3231 943 3309 repositum
971 3251 1037 3291 esse
1061 3252 1094 3292 ex
1111 3227 1147 3288 ed.

187 3323 244 3383 Ro.
265 3325 433 3410 Malaspina
453 3331 564 3392 diserte
584 3332 816 3407 demonstravit;
831 3336 884 3416 qui
899 3337 994 3397 etiarn
1013 3335 1099 3397 COS.
1112 3335 1145 3394 le-

189 3432 321 3512 gendum
335 3437 514 3519 utrobique,
535 3461 613 3512 non,
626 3452 661 3500 ut
674 3440 744 3500 libri
759 3441 821 3501 fere
834 3439 970 3514 habent,
986 3442 1114 3514 GENS,
1124 3449 1148 3499 et

188 3542 218 3598 in
238 3540 295 3601 itta
313 3544 398 3634 ¹item,
418 3566 480 3606 non
500 3548 531 3606 in
551 3549 605 3608 illa
625 3562 724 3608 autem
744 3549 908 3608 rectissime
929 3548 1075 3610 defendit.

147 3645 189 3728 89
209 3648 357 3711 Graevius
385 3673 461 3734 quas
489 3655 536 3714 hic
563 3655 719 3728 Metellru3
745 3654 797 3716 sed
827 3655 1013 3716 eliciendum
1034 3654 1145 3740 putabat

189 3753 329 3816 Metellus
349 3770 473 3820 auctore
493 3781 548 3820 ms.
569 3761 659 3834 Ball,
680 3773 710 3821 ct
730 3763 816 3822 eiecit
836 3760 998 3824 Ernestius
1028 3763 1143 3825 auctori-

190 3867 250 3920 tate
270 3865 360 3924 etiarn
375 3865 515 3938 editionis
529 3869 585 3929 Ro.
602 3869 736 3952 Africani
749 3868 919 3948 urauginem,
933 3873 1080 3932 nimirum
1092 3868 1143 3929 basi
