2626 4854
290 374 362 468 244
609 392 784 441 rrrsrccu
810 390 973 441 ccxcviii.
1074 388 1106 440 s.
1124 392 1160 441 v.
1176 392 1206 443 c.
1224 392 1272 454 με

284 498 462 574 stinuisset
480 496 529 594 ¹³,
552 495 582 567 si
607 521 688 568 cum
714 520 757 567 eo
791 494 848 592 agi
865 505 1032 594 coeptum
1056 506 1166 567 esset:
1192 521 1295 597 quam

285 623 498 698 sententiam
523 633 665 693 senatus
697 620 796 720 sequi
822 616 952 717 noluit,
984 644 1027 692 ex
1060 645 1133 720 quo
1167 621 1293 694 factum

283 764 357 849 est,
379 761 420 821 ut
446 747 588 821 Caesari
611 770 701 843 nom
713 744 968 818 succederetur.
982 747 1039 819 An
1064 745 1291 846 publicanos?

283 877 344 978 qui
362 898 554 976 numquam
572 872 683 970 firmi,
707 871 771 944 sed
788 895 884 943 nunc
904 872 1045 945 Caesari
1060 870 1091 937 ¹4
1109 885 1194 945 sunt
1211 875 1285 946 ami·

283 1002 421 1075 cissimi.
439 1001 497 1073 An
513 996 747 1071 feneratores?
773 1024 820 1070 an
840 996 1030 1096 agricolas?
1048 998 1179 1100 quibus
1197 1013 1283 1100 opta·

282 1128 454 1200 tissimum
486 1138 539 1197 est
571 1127 691 1198 otium.
726 1124 801 1197 Nisi
838 1149 898 1196 eos
932 1125 1057 1197 timere
1091 1140 1218 1226 putas,
1246 1152 1279 1199 ne

283 1251 348 1325 snb
382 1277 489 1350 regno
527 1251 613 1350 sint,
650 1251 712 1350 qui
746 1248 785 1320 id
818 1276 1030 1350 numquam,
1063 1249 1151 1324 dum
1183 1250 1276 1325 modo

284 1380 389 1452 otiosi
416 1390 550 1476 esseut,
573 1389 788 1449 recusarunt.
824 1375 922 1466 Quid
954 1376 1065 1474 ergol
1102 1379 1275 1450 exercitum

282 1505 466 1577 retinentis
486 1505 534 1603 ¹⁵,
559 1529 667 1603 quum
692 1501 776 1600 legis
804 1500 877 1574 dies
898 1503 1093 1602 transierit,
1120 1506 1274 1577 rationem

281 1628 404 1703 haberi
429 1629 569 1731 placetl
596 1628 685 1703 Mihi
710 1654 794 1702 vero
820 1653 865 1700 ne
892 1627 1046 1702 absentis
1081 1629 1223 1731 quidem
1242 1633 1273 1702 ¹⁶.

282 1756 353 1828 Sed
379 1785 486 1858 quum
512 1757 551 1829 id
569 1757 690 1828 datum
707 1770 780 1854 est,
804 1754 892 1827 illud
915 1782 986 1829 una
1005 1754 1128 1830 datum
1146 1759 1273 1832 estlln·

280 1909 409 1955 norum
435 1885 529 1955 enim
550 1881 673 1955 decem
692 1883 896 1983 imperium,
923 1897 959 1955 et
975 1884 1025 1956 ita
1040 1882 1155 1958 latum
1169 1903 1198 1952 ¹⁷
1213 1884 1272 1984 pla·

280 2008 358 2081 ceti
382 2008 504 2082 Placet
529 2010 634 2107 igitur
659 2009 764 2081 etiam
789 2034 846 2083 me
873 2009 1077 2112 expulsum,
1106 2026 1144 2085 et
1169 2038 1272 2111 agrum

281 2136 501 2234 Campanum
527 2137 671 2234 periisse
692 2137 738 2234 ¹⁸,
764 2148 800 2207 et
826 2135 1039 2236 adoptatum
1064 2140 1271 2238 patriciuma

272 2258 433 2359 plebei0,
460 2260 675 2334 Gaditanum
703 2287 723 2332 a
749 2261 985 2360 Mitylenaeo:
1013 2278 1050 2336 et
1074 2265 1219 2338 Labieni
1232 2263 1271 2335 di·

277 2388 398 2485 vitiae,
437 2401 473 2459 et
507 2389 704 2461 Mamurrae
732 2405 762 2453 ¹9
788 2388 950 2488 placent,
987 2404 1022 2462 et
1047 2391 1151 2464 Balbi
1175 2392 1270 2488 horti,

250 2498 258 2513 ⁹
279 2527 316 2584 et
333 2512 581 2585 Tusculanum.
604 2514 673 2585 Sed
691 2513 819 2588 horum
837 2516 995 2588 omniurn
1012 2515 1091 2590 fons
1108 2544 1198 2591 unus
1220 2529 1267 2590 est

279 2637 461 2712 Imbecillo
487 2640 721 2712 resistendum
745 2641 829 2739 fuit,
855 2654 891 2714 et
909 2640 947 2714 id
965 2656 1039 2715 erat
1056 2644 1167 2717 facile.
1184 2645 1267 2721 Nune

279 2764 433 2862 legiones
460 2767 533 2864 XI,
559 2769 734 2868 equitatus
761 2782 900 2868 tantus,
926 2782 1099 2869 quantum
1124 2770 1216 2846 volet
1231 2787 1267 2867 ²⁰3

242 2896 246 2907 '
282 2890 551 2989 Transpadani,
577 2892 698 2993 plebes
724 2895 874 2993 urbana,
901 2910 957 2968 tot
990 2896 1123 2970 tribuni
1155 2896 1267 2998 plebis,
1309 2934 1312 2993 3

278 3026 350 3084 tam
368 3016 507 3112 perdita
526 3019 706 3118 iuventus,
732 3035 830 3093 tanta
849 3023 1057 3095 auctoritate
1076 3021 1164 3124 dux,
1188 3037 1266 3096 tanta
1310 3002 1312 3009 Ι

276 3138 431 3212 audacia.
458 3143 549 3215 Cum
579 3145 648 3218 hoc
676 3161 736 3218 aut
763 3147 1037 3246 depugnandum
1055 3164 1127 3250 est,
1152 3149 1267 3223 autha-

271 3260 389 3335 benda
415 3292 434 3337 e
460 3265 537 3365 lege
566 3286 598 3323 ²1
624 3275 723 3345 ratio,
754 3275 947 3373 Depugna,
980 3277 1115 3377 inquiS,
1148 3278 1265 3378 potius,

271 3415 377 3487 quum
405 3395 544 3468 servias.
573 3398 627 3470 Ut
653 3400 758 3500 quidl
785 3402 815 3472 si
841 3402 955 3474 vietus
974 3402 1059 3500 eris,
1085 3401 1264 3502 proscribe·

269 3512 330 3586 rel
356 3517 385 3588 si
410 3519 551 3620 viceriS,
577 3537 694 3597 tamen
721 3526 876 3602 serviasl
902 3526 999 3619 Quid
1024 3554 1128 3628 erge,
1152 3528 1260 3629 inquis,

274 3654 415 3716 acturus
433 3646 497 3718 esl
522 3649 640 3749 Idem,
666 3653 763 3753 quod
781 3655 954 3754 pecudes,
989 3681 1079 3755 quae
1108 3654 1259 3754 dispulsae
1310 3666 1312 3721 Ξ

271 3769 326 3838 sui
352 3774 487 3867 generis
514 3793 706 3876 sequuntur
724 3807 853 3879 greges.
870 3782 924 3854 Ut
947 3780 1013 3854 bos
1031 3796 1204 3878 armenta,
1224 3777 1256 3849 sic
1286 3754 1296 3781 ⁸

272 3918 335 3989 ego
369 3896 483 3973 bonos
520 3904 634 4003 viros,
673 3920 733 3979 aut
759 3933 841 4007 eos,
873 3909 1084 4009 quicumque
1118 3909 1251 3982 dicentur
