2626 4854
436 354 471 399 m
500 350 688 399 srrsronss
994 327 1061 402 331

98 458 179 537 legas
200 474 271 514 cum
285 453 331 514 ed.
346 455 413 513 lens
433 456 556 532 egerin,
577 473 680 513 seusus
701 454 774 512 erit:
795 466 827 512 at
849 471 926 512 nunc
951 451 1068 514 Caelius

96 564 286 647 praepositus
306 562 480 644 provinciae
501 582 520 621 a
540 581 589 620 me
609 571 669 621 est:
692 580 751 621 non
763 559 831 621 dico
844 558 1066 642 equi'tlenrquid

96 672 217 751 egerim,
248 689 343 752 quum
370 689 501 751 puerum
533 669 731 750 reliquerim
763 666 818 729 sed
848 680 946 731 mmm
971 666 1065 728 multo

96 780 192 837 minus
213 778 339 850 laboro,
370 797 462 858 quam
490 781 513 837 si
535 775 661 837 fratrem
682 775 894 858 reliquissem
921 774 957 837 ci
978 775 1066 857 epist.

98 885 302 956 CCLXXIH,
323 884 351 960 4.

59 1015 95 1056 22
116 993 195 1056 Vide
216 991 255 1052 ad
274 1010 321 1073 ep.
344 989 543 1062 CCLXXIH,
562 991 591 1066 4.
612 991 708 1051 Moris
722 1000 800 1063 erat,
819 1001 856 1051 ut
869 989 1067 1074 proconsules

97 1099 155 1161 sibi
184 1109 358 1181 quaestores
385 1099 577 1172 sortirentur3
608 1097 692 1178 quod
720 1100 781 1157 iam
803 1118 839 1159 ex
859 1111 907 1180 ep.
928 1097 1067 1158 CCLXll

97 1209 161 1268 init.
182 1217 213 1266 et
231 1205 311 1266 infra
331 1225 384 1285 rgo
403 1217 480 1265 some
499 1204 603 1266 ἅαῑωη
623 1203 804 1288 osjend‘erem
823 1215 916 1287 patet.

59 1283 95 1375 2⁰3
116 1313 160 1375 Vt
181 1312 317 1384 Caelius,
348 1311 389 1371 ob
410 1312 441 1372 id
463 1314 574 1383 iratus,
604 1312 687 1393 quod
715 1333 784 1372 eum
807 1313 984 1393 provinciae
1005 1332 1067 1371 non

30 1483 32 1487 ,
95 1420 323 1505 praefecissem,
349 1421 380 1480 in
411 1422 476 1480 eius
507 1420 800 1481 administrationem
822 1419 960 1480 acerbius
981 1422 1067 1481 inve-

96 1529 227 1608 stigaret
260 1525 344 1587 Haec
368 1526 554 1609 Malaspinae
575 1528 784 1609 interpretatio
811 1529 908 1607 magis
936 1525 1068 1597 arridet,

97 1655 190 1716 quam
212 1635 340 1694 Manutii
362 1633 452 1694 lectio
474 1645 504 1695 et
524 1631 696 1715 explanatio
717 1633 892 1716 inquirerem
912 1635 1036 1693 ineam.

57 1742 94 1818 24
117 1741 185 1801 Hoc
204 1751 264 1813 est,
284 1761 358 1823 quas
379 1762 442 1801 non
455 1751 503 1813 tu,
527 1740 580 1802 sed
592 1751 677 1813 tuus,
696 1739 830 1801 dictante
846 1751 891 1812 te,
912 1740 1065 1822 scripserit

96 1847 250 1908 librarius.
271 1847 379 1908 Paullo
400 1847 539 1908 acerbius
558 1851 591 1908 in
610 1850 761 1920 amicum,
782 1849 834 1928 qui
856 1847 952 1918 alias,
975 1847 1067 1905 etiam

94 1953 174 2015 febri
185 1953 328 2015 laborans
343 1956 408 2038 (ep.
422 1955 666 2026 chxxxt1‚·1
680 1957 709 2035 ),
730 1972 823 2014 manu
839 1975 893 2015 sua
908 1951 1068 2015 scribebat.

55 2061 96 2121 25
117 2061 237 2122 Statum
258 2060 495 2145 dignitatemque
520 2073 592 2145 post
610 2062 748 2123 exsilium
774 2071 994 2144 recuperatam.
1016 2059 1068 2119 Sic

96 2191 143 2250 cp.
164 2168 300 2241 LXXV,
324 2190 336 2230 1
365 2171 453 2232 Diem
473 2170 603 2230 natalem
628 2168 737 2229 reditus
764 2190 866 2250 cgere,
894 2179 924 2229 et
948 2164 1067 2250 loseph.

96 2276 197 2359 llnth.
218 2276 277 2348 XI,
299 2277 333 2351 3,
353 2297 374 2359 9
395 2275 587 2347 παλιγγενεσία
605 2281 652 2338 τῆς
669 2274 806 2350 πατρίδος.

452 2489 661 2553 CCLXXVll.

60 2727 70 2765 1
97 2705 157 2766 Ed
179 2705 236 2766 Ro.
258 2703 302 2764 M.
328 2702 362 2764 T.
386 2702 417 2765 C.
438 2705 598 2783 imperator
616 2703 717 2785 Appio
737 2701 867 2762 Pulchro
891 2699 1018 2762 Censori.

56 2834 73 2873 2
98 2813 205 2892 Quum
218 2812 280 2874 scil.
294 2811 494 2873 inserviebam
507 2812 617 2872 honori
633 2823 702 2883 tuo,
722 2809 782 2871 hoc
796 2820 859 2882 est,
873 2805 1067 2878 laborabam,

95 2931 132 2981 ut
159 2919 215 2981 tibi
244 2918 478 3003 supplicationes
504 2920 757 2992 decernerentur,
788 2930 823 2980 ut
843 2918 997 2978 Manutius
1018 2937 1067 2977 ex·

94 3031 192 3112 ponit.

57 3136 75 3195 3
98 3134 145 3195 Ad
165 3134 345 3196 obtinendas
366 3135 609 3218 supplicationes.
633 3132 757 3196 cor-rad

54 3243 76 3319 4
100 3241 250 3303 Graevius
271 3241 450 3304 coniiciebat
469 3241 632 3324 legendum
652 3242 846 3315 auctoritate,
866 3238 1008 3301 credone.

52 3348 74 3411 5
97 3345 149 3410 Sic
168 3351 284 3433 optime
298 3349 446 3412 Graevius
460 3372 477 3410 e
491 3361 588 3424 msto,
606 3349 691 3433 quod
712 3347 880 3410 Lambinus
899 3349 989 3407 etiam
1004 3365 1068 3404 ma-

93 3456 193 3535 lebat;
224 3457 298 3519 olim
319 3479 394 3518 onus
418 3456 516 3540 officii.
547 3458 595 3518 De
622 3477 731 3530 onere,
762 3457 863 3538 inquit
889 3454 1067 3523 Emestius,

91 3585 157 3625 non
178 3576 248 3647 apte
269 3564 380 3626 dicitur
406 3565 554 3648 reliquum
566 3563 686 3648 fiacere,
707 3585 765 3625 nec
785 3584 859 3624 onus
878 3559 969 3648 officii
986 3568 1067 3617 recte

90 3672 223 3746 dicitur,
248 3674 428 3756 praesertim
449 3675 481 3733 in
503 3672 666 3733 laudando.
683 3672 796 3733 Munus
808 3668 901 3752 officii
917 3668 1068 3748 reperitur

90 3783 187 3842 etiam
210 3782 241 3840 in
264 3801 311 3863 ep.
334 3779 526 3853 CDLXXV‚
547 3791 578 3841 et
599 3780 637 3842 de
659 3780 818 3844 Senectute
839 3799 859 3860 9
879 3784 910 3836 et
933 3793 977 3835 11.
1003 3771 1066 3833 Ta·

88 3909 168 3950 men
188 3906 263 3950 onus
283 3889 438 3951 revocavit
457 3887 644 3951 benedictus.
