2626 4854
522 360 795 414 annortrtonea

563 570 757 632 cctxxttt.

160 813 170 850 r
195 791 297 867 Quam
310 789 417 848 Cicero
430 784 553 869 petebat
576 786 663 867 (epp.
675 783 912 858 ccxxxviii,
924 804 959 857 2,
982 784 1162 847 ccxxxix

45 950 49 958 .
153 940 156 945 -
194 908 225 957 et
245 896 389 973 CCXL),
408 903 440 954 et
450 892 584 954 obtinuit
605 894 670 975 (ep.
684 891 853 955 CCLXVIl
867 892 1186 976 ttuppticationens

195 1003 330 1084 quinque
348 1001 466 1060 dierum
488 1010 575 1083 putat
596 998 770 1074 Manutius3
790 1020 864 1059 nam
884 998 1063 1074 ordinaria,
1089 1021 1161 1082 quae

194 1105 403 1168 consularibus
416 1104 649 1178 decernebatur,
669 1105 791 1187 longior
803 1126 867 1167 non
882 1104 960 1178 fuit,
980 1117 1018 1166 ut
1031 1107 1100 1189 ipse
1112 1104 1160 1165 do·

195 1225 243 1277 cet
262 1236 297 1274 ex
317 1215 385 1274 Liv.
405 1213 510 1288 XLV,
530 1213 644 1274 antor
664 1212 811 1273 ethereis
830 1234 857 1274 e.
878 1232 925 1273 nee
944 1225 1161 1273 ertemarius

195 1322 295 1403 recepi
306 1342 344 1383 ex
358 1319 517 1393 Schtltzio,
536 1319 679 1381 omnibus
699 1321 810 1381 nostris
823 1317 1089 1403 approbantibus,
1108 1321 1160 1378 nisi

195 1426 278 1509 quod
298 1427 391 1510 aliqui
413 1427 531 1488 lamule
550 1425 672 1488 babent
693 1426 799 1509 Vulgo
818 1439 849 1487 et
867 1426 1059 1500 nrelreruule,
1075 1447 1102 1487 e.
1121 1446 1162 1485 rar

194 1554 236 1595 ecc
254 1556 277 1594 r.
299 1552 365 1595 mea
384 1546 437 1597 est.

156 1662 174 1701 a
198 1641 306 1702 Hirrus
327 1642 480 1703 Ciceronis
501 1643 684 1727 competitor
704 1643 736 1702 in
756 1650 926 1724 auguratu,
956 1650 988 1701 et
1015 1640 1109 1701 Caelii
1133 1641 1161 1700 in

195 1745 367 1823 tribunatu3
387 1769 435 1831 ep.
457 1747 573 1821 ccxl,
598 1769 621 1810 r.

156 1854 175 1913 3
195 1854 237 1913 Μ.
260 1854 389 1927 Catoni,
409 1858 463 1936 qui
483 1856 605 1916 ornavit
625 1853 750 1937 quidem
772 1874 820 1915 ras
839 1874 858 1914 a
879 1853 1030 1917 Cioerone
1055 1863 1162 1936 gestas,

194 1959 373 2043 suillagium
404 1972 505 2023 umen
538 1983 596 2045 pro
630 1962 853 2046 supplicatione
871 1981 936 2023 non
956 1961 1067 2038 dedit,
1098 1981 1160 2043 epp.

195 2066 380 2140 CCLXVll,
405 2090 415 2129 r
439 2079 470 2129 et
492 2069 654 2131 CCLXVI.

153 2175 174 2250 4
195 2173 419 2256 Triumphum,
439 2177 492 2259 qui
513 2175 765 2257 supplicationem
786 2175 863 2257 solet
883 2175 980 2256 sequi.
1006 2173 1159 2236 Corradus.

194 2278 383 2362 supplicatio
403 2284 484 2340 enim
513 2291 558 2341 est
583 2284 797 2364 praerogativa
816 2278 977 2363 triumphi.
1011 2281 1159 2343 Graevircr.

194 2384 273 2446 Vide
293 2406 339 2469 ep.
361 2386 522 2448 CCLXVI.
542 2387 615 2448 Rea.
636 2408 673 2449 ea
692 2408 814 2472 sperare
833 2409 863 2472 q.
882 2409 907 2449 s.

152 2490 174 2551 5
194 2492 277 2554 Vitia
297 2490 452 2575 quaedam
467 2492 660 2568 Dolabellae,
679 2494 718 2556 de
739 2495 851 2578 quibus
864 2495 1033 2577 scripserat
1045 2494 1159 2556 Caelius

193 2620 241 2681 ep.
262 2621 328 2683 sup.
354 2622 385 2673 r,
405 2600 479 2662 dum
500 2599 694 2667 Dolabellam
716 2602 862 2668 laudaret
892 2602 967 2664 Mox
995 2600 1109 2665 Ambb.
1127 2599 1158 2673 6,

170 2738 177 2751 κ
199 2705 234 2782 14
260 2704 404 2767 Tulliolae
423 2727 516 2768 meae.
1089 2733 1091 2735 ’

152 2809 173 2868 6
193 2811 249 2870 Cui
271 2832 306 2872 ex
328 2816 387 2874 tuis
407 2813 541 2898 epistolis
562 2835 616 2888 ea,
648 2837 728 2897 quae
753 2815 874 2883 Tulliae
901 2813 1069 2897 prudentia
1088 2824 1158 2876 tem-

192 2919 293 2996 perari
314 2938 402 2998 posse
423 2942 544 3003 speras,
565 2922 784 3004 respondeant,
811 2920 870 2982 hoc
890 2932 951 2993 est,
977 2931 1157 3003 congruant,

191 3024 382 3084 conveniant.
402 3026 601 3109 Respondent
620 3039 724 3090 autem
746 3027 891 3111 epistolae
913 3028 1070 3100 CCXLll,
1095 3050 1106 3089 r
1133 3037 1158 3086 et

192 3146 228 3198 o,
258 3126 311 3187 uhi
332 3130 370 3190 de
396 3118 717 3197 levitate'llotsheltae
742 3147 788 3196 est
813 3155 930 3208 sermo,
960 3135 1011 3196 vel
1036 3136 1157 3218 propius

191 3233 360 3315 superiori,
384 3257 408 3298 1.

151 3360 169 3418 7
190 3337 246 3422 Ep.
274 3341 416 3416 CCLXl,
441 3366 465 3406 1.
491 3345 650 3408 Corrudru.
671 3348 750 3411 Vide
771 3349 862 3408 etiam
882 3368 930 3429 ep.
945 3345 1097 3409 CCLXV.
1110 3344 1155 3404 Ec

191 3446 247 3505 tuis
268 3447 373 3523 literis,
393 3448 422 3511 h.
439 3474 465 3516 e.
486 3454 654 3519 secundum
666 3465 734 3521 tuas
749 3454 867 3526 literas,
887 3453 935 3514 vel
947 3455 1155 3517 convenienter

190 3554 250 3614 tuis
272 3553 373 3619 literis.

150 3656 278 3738 illmb·
304 3684 337 3722 12
359 3664 433 3747 qnid
450 3668 520 3746 agir.
543 3668 614 3728 Mox
644 3669 686 3728 sic
707 3669 827 3739 vivitur,
858 3664 972 3727 scilicet
1001 3676 1038 3726 ut
1070 3662 1153 3725 modo

190 3766 343 3829 oderimus
364 3771 519 3854 aliquem,
540 3774 633 3836 modo
655 3795 806 3851 amemus,
829 3770 1094 3857 quemadmodum
1113 3789 1153 3833 ex·

188 3871 292 3956 planat
313 3877 335 3938 1.
358 3878 393 3940 F.
416 3880 599 3944 Gronovius.
