2626 4854
160 351 232 427 290
523 344 796 397 suuorarrouus

198 460 245 511 sto
264 448 376 511 futura.
397 446 481 509 Idem
501 457 639 521 notares,
658 448 683 509 si
695 446 822 509 diceres:
842 443 1053 507 assummum
1071 443 1155 505 osle-

199 556 335 618 oswiu.
349 552 493 617 Pluribus
506 554 675 617 illustratur
688 573 783 637 genus
807 550 926 615 dioeudi
944 550 985 613 ad
1006 551 1079 615 Sall.
1098 553 1156 633 lug.

199 683 225 727 o.
245 661 294 726 52.
317 660 439 725 Coruus.

593 874 726 935 CCLXl.

164 1110 174 1151 ι
198 1088 376 1151 Dolabellae
403 1091 489 1171 (epp.
515 1087 671 1160 CCXLll,
696 1108 726 1163 ις
761 1085 924 1159 CCLVll,
950 1087 1001 1167 π),
1027 1086 1080 1167 qui
1100 1087 1157 1166 Ap-

201 1198 304 1279 pium,
324 1193 514 1278 triumphum
535 1194 575 1255 ad
588 1192 697 1255 urbem
710 1204 944 1277 exspectantem,
962 1194 1113 1253 aceumvit
1125 1191 1154 1252 de

199 1305 361 1367 maiestate.
381 1301 482 1385 Supra
503 1301 570 1363 edd.
591 1302 648 1362 Ro.
669 1312 699 1365 et
719 1302 795 1363 leus.
815 1311 859 1361 est
879 1300 962 1361 uobis
981 1300 1114 1362 attam

162 1431 180 1471 α
202 1410 259 1470 Ed.
279 1408 359 1470 Med.
370 1408 490 1493 sacibb.

160 1518 179 1578 3
200 1516 268 1578 Hoc
287 1526 332 1577 est
342 1560 353 1590 ,
386 1514 465 1577 banc
494 1515 651 1588 iniuriam,
671 1512 851 1579 molestiam.
879 1513 1002 1575 Terent
1024 1511 1101 1574 And.
1119 1512 1154 1584 V,

199 1642 235 1696 a,
256 1643 304 1705 ²9
326 1622 437 1687 Graev.

157 1728 179 1805 4
199 1730 290 1807 Quia,
303 1739 338 1791 ut
351 1750 382 1791 se
395 1727 579 1800 &tenderet
596 1725 705 1791 urbem
720 1724 838 1808 ingredi
852 1724 976 1799 debuit,
989 1746 1026 1787 ae
1038 1724 1154 1808 proinde

198 1833 346 1918 triumphi
366 1855 452 1917 spem
474 1832 622 1911 abiicere3
642 1854 690 1915 ep.
710 1832 864 1906 CCXLll,
888 1852 913 1893 1.
926 1833 1000 1893 Mox
1028 1835 1104 1893 tanti
1111 1831 1153 1914 fis

197 1943 269 2014 cies,
289 1943 395 2024 quanti
413 1952 486 2015 eto,
506 1939 537 2001 b.
559 1960 584 2003 e.
605 1938 703 2003 nihili.

156 2046 177 2107 5
197 2046 248 2107 sic
268 2048 442 2120 Victorius,
461 2050 514 2130 qui
534 2059 566 2109 et
578 2048 717 2130 exponit:
739 2045 860 2121 iudico,
879 2055 911 2113 te
923 2065 1017 2107 omne
1032 2044 1154 2106 studium

197 2163 284 2215 tuum
304 2165 335 2216 et
354 2153 489 2216 laborem
510 2174 624 2235 ponere
653 2152 783 2227 debere,
812 2163 848 2215 ut
872 2162 928 2215 eto.
957 2151 1046 2214 Olim
1068 2150 1154 2217 Vtieo

187 2258 260 2341 fore
278 2261 373 2320 verius
392 2282 468 2344 opus
486 2261 689 2343 sapiendoque
709 2273 770 2323 tua.

156 2361 179 2424 6
196 2364 239 2426 Et
265 2363 326 2426 boo
354 2387 374 2426 a
396 2366 553 2443 Victori03
584 2377 673 2429 recte.
708 2367 765 2430 atii
800 2365 871 2427 libri
908 2366 1084 2441 obtestans,
1113 2362 1154 2428 vel

198 2483 315 2533 testona.
1037 2448 1043 2457 Ι

156 2596 175 2658 7
197 2577 242 2640 lta
255 2578 541 2663 Martyni-Laguna.
562 2578 665 2662 Vulgo
686 2581 765 2644 mlo
784 2581 869 2643 emin.

156 2683 177 2745 8
196 2686 239 2747 Ne
254 2689 320 2768 quis
341 2708 376 2748 ex
397 2689 554 2770 provincia
566 2688 697 2748 Romam
719 2691 793 2761 iret,
813 2699 848 2749 ut
868 2685 1017 2749 adversus
1032 2687 1156 2771 Appium

194 2795 401 2854 testimonium
421 2794 542 2856 diceret
574 2794 653 2856 Hinc
682 2795 757 2855 illud
786 2816 833 2877 ep.
855 2794 1015 2869 CCLXV,
1042 2817 1053 2856 r
1077 2805 1156 2857 extu:

195 2897 245 2957 De
264 2902 450 2962 mercenariis
470 2902 588 2962 testibus
607 2921 628 2962 α
647 2903 708 2962 suis
727 2902 889 2963 civitatibus
902 2902 1049 2967 notattdis
1062 2938 1102 2952 -
1108 2901 1157 2983 fiet

195 3021 216 3061 a
235 3024 304 3077 nte,
322 3026 414 3088 quum
429 3028 488 3090 per
506 3008 609 3069 Attium
631 3006 783 3071 decedam.
804 3009 922 3072 Manut.

155 3128 177 3189 9
196 3108 277 3185 Quia
297 3109 351 3170 diu
371 3132 419 3172 me
439 3125 594 3195 pungunt,
614 3126 645 3175 et
665 3115 790 3197 longum
810 3114 949 3176 dolorem
965 3116 1156 3200 reliquerunt.

197 3214 276 3275 Cort.

159 3340 195 3382 ιο
214 3320 386 3405 Rogaverat
396 3327 511 3409 Appius
523 3326 710 3400 Ciceronem,
720 3339 754 3388 ut
766 3337 933 3411 praestaret
944 3328 1005 3391 sibi
1018 3330 1156 3414 quicquid

193 3440 295 3511 posset
314 3452 372 3512 pro
393 3433 488 3494 salute
509 3455 582 3509 sua3
602 3444 633 3496 et
654 3434 772 3495 Caelius
799 3455 844 3516 ep.
868 3433 1029 3510 CCXLII,
1056 3459 1080 3499 r.
1102 3439 1155 3520 ap

193 3539 262 3619 pius
282 3539 313 3597 in
335 3550 362 3599 te
382 3540 546 3601 niaximum
564 3562 648 3624 spem
669 3542 763 3602 habet.
784 3541 898 3602 Manut

158 3661 189 3702 ιι
213 3644 346 3726 Legatos
367 3646 537 3723 Ciceronis3
559 3668 607 3729 op.
628 3646 741 3721 CXCl,
763 3649 790 3709 3.
810 3648 977 3710 Tractatus
998 3651 1061 3713 fuit
1081 3672 1159 3735 prae·

194 3754 340 3812 stantiae
359 3753 502 3836 singulari
523 3753 601 3827 fide,
622 3776 717 3837 quum
738 3776 794 3838 per
807 3756 896 3816 Cous.
911 3758 1051 3840 Appium
1066 3760 1159 3843 potuit

193 3868 299 3919 contra
319 3859 465 3923 Catonem
495 3872 526 3923 et
551 3862 715 3926 Servilium
745 3861 783 3926 de
804 3862 1027 3948 Allobrogibus
1060 3869 1159 3931 trium·

194 3960 304 4045 phare;
324 3987 371 4051 ep.
394 3967 491 4032 CLIII
512 3979 589 4032 extr.
