2626 4854
162 319 233 410 ard
495 338 665 387 rersrota
692 298 831 391 ccxcrrr.
943 336 975 386 Α.
994 341 1030 388 v.
1048 340 1078 388 c.
1095 342 1141 403 70³

159 441 304 541 stolam,
321 466 426 542 quarn
444 440 636 514 Philoxeno
654 440 810 513 dedisses
828 440 1038 542 (scripseras
1057 445 1163 544 enim,

160 569 198 642 in
224 594 265 641 ea
291 594 365 641 esse
385 584 416 616 ²²
442 567 487 639 de
512 593 674 641 sermone
698 567 861 668 Pompeii
886 567 1162 669 Neapolitano):

160 721 239 768 eam
263 694 349 767 milri
375 696 483 768 Patro
508 694 687 767 Brundisii
711 693 880 792 reddidit,
905 695 1105 797 Corcyrae,
1128 711 1163 770 ut

159 823 304 922 opinor,
318 835 512 922 acceperat.
530 820 626 894 Nihil
643 819 761 921 potuit
777 847 852 893 esse
869 821 1068 896 iucundius.
1080 826 1162 899 Erat

159 949 253 1020 enim
280 948 386 1024 dere
419 947 579 1048 publica,
612 947 656 1020 de
689 947 878 1048 opinione,
910 976 1019 1050 quam
1054 951 1085 1023 is
1114 951 1163 1025 vir

158 1073 305 1148 haberet
329 1074 536 1172 integritatis
562 1099 682 1174 meae,
707 1073 752 1146 de
776 1073 1034 1175 benivolentia,
1062 1103 1162 1177 quam

158 1200 315 1274 ostendit
339 1227 383 1274 eo
408 1227 585 1299 sermone,
617 1227 723 1303 quem
754 1199 879 1274 hahuit
903 1201 949 1274 de
974 1204 1161 1304 triumpho.

159 1327 230 1399 Sed
255 1340 374 1400 tamen
398 1327 466 1401 hoc
483 1326 792 1425 iucundissimum,
817 1327 915 1429 quod
931 1328 1107 1428 intellexi,
1129 1344 1160 1402 te

160 1452 207 1526 ad
231 1480 311 1527 eum
337 1455 491 1553 venisse,
514 1468 556 1526 ut
581 1455 654 1527 eius
680 1455 837 1526 animum
854 1479 935 1554 erga
951 1481 1011 1528 me
1028 1457 1160 1556 perspi·

159 1607 264 1655 ceres.
289 1581 368 1654 Hoc
394 1581 502 1680 mihi,
526 1582 686 1683 inquam,
712 1580 842 1653 accidit
861 1581 1159 1656 iucundissimum.

157 1706 212 1780 De
225 1708 404 1808 triumpho
416 1688 448 1756 3³
475 1723 593 1781 autem
609 1706 705 1780 nulla
722 1734 779 1779 me
804 1707 979 1808 cupiditas
996 1735 1158 1811 umquam

157 1835 271 1907 tenuit
296 1848 377 1907 ante
401 1833 520 1910 Bibuli
552 1833 876 1936 impudentissimas
901 1833 1041 1934 literas,
1078 1861 1167 1937 quas,

55 2009 59 2017 ·
157 1959 370 2059 amplissima
388 1960 420 2027 ²4
445 1960 657 2062 supplicatio
683 1973 873 2033 consecuta
898 1963 1012 2035 estd
1039 1987 1109 2063 quo
1130 1961 1156 2033 si

157 2111 197 2158 ea
225 2101 321 2184 gesta
346 2101 463 2160 essent
486 2090 537 2187 ²⁵,
569 2112 658 2189 quae
684 2087 845 2188 scripsit,
883 2085 1091 2187 gauderem,
1125 2100 1157 2159 et

155 2196 284 2286 honori
309 2212 486 2312 faverem,
516 2240 613 2287 nunc
645 2213 767 2314 illurn,
797 2214 858 2315 qui
883 2213 1013 2314 pedem
1039 2228 1154 2315 porta,

157 2337 277 2438 quoad
301 2339 413 2413 hostis
440 2341 488 2412 cis
506 2340 725 2441 Euphratem
744 2339 825 2441 suit,
849 2367 922 2413 non
940 2340 1104 2415 extulerit
1118 2343 1154 2440 ²⁶,

155 2464 290 2538 honore
316 2467 452 2564 augeri,
476 2494 552 2566 me,
575 2470 612 2541 in
639 2469 738 2542 ouius
764 2468 918 2542 exercitu
944 2494 1047 2568 spem
1071 2467 1152 2540 illius

156 2593 327 2666 exercitus
352 2592 497 2693 habuit,
520 2594 614 2666 idem
640 2622 713 2668 non
740 2596 900 2697 assequi,
929 2594 1084 2669 dedecus
1108 2608 1152 2666 est

152 2733 314 2793 nostrum
326 2776 337 2818 ,
361 2735 540 2818 nostrum,
562 2722 719 2823 inquam,
745 2736 779 2793 te
799 2723 1026 2821 coniungens.
1040 2724 1151 2822 Itaque

154 2848 272 2918 omnia
299 2850 478 2948 experiar,
503 2863 554 2946 et,
578 2863 619 2920 ut
644 2874 767 2950 spero,
792 2875 966 2951 assequar.
998 2847 1150 2943 Quodsi

154 2983 193 3041 tu
220 2969 370 3070 valeres,
406 2975 475 3047 iam
508 2975 596 3047 mihi
622 2976 795 3079 quaedam
824 2976 1008 3076 explorata
1036 2987 1147 3049 essent

154 3094 242 3193 Sed,
266 3112 307 3170 ut
332 3126 459 3198 spero,
484 3102 626 3176 valebis.

203 3222 227 3296 6
253 3225 306 3296 De
331 3227 542 3300 raudusculo
568 3230 783 3303 Numeriano
798 3245 827 3296 ²⁷
846 3228 1001 3301 multum
1018 3243 1054 3301 te
1070 3251 1145 3300 amu

152 3348 361 3424 Hortensius
379 3355 410 3404 ²⁸
437 3355 522 3457 quid
548 3359 676 3455 egerit,
703 3382 790 3429 aveo
815 3357 923 3454 seire,
956 3357 1048 3430 Cato
1075 3349 1143 3456 qnid

152 3489 254 3575 agat,
280 3478 340 3579 qui
366 3480 506 3580 quidem
533 3483 652 3556 inme
684 3485 833 3582 turpiter
864 3482 930 3554 fuit
962 3481 1140 3556 malivolus.

151 3601 259 3676 Dedit
276 3605 501 3705 integritatis,
526 3610 695 3708 iustitiae,
722 3609 946 3708 clementiae,
972 3609 1055 3681 fidei
1072 3602 1139 3680 mihi

151 3732 410 3832 testimonium,
436 3735 532 3835 qnod
557 3763 629 3809 nou
657 3737 865 3837 quaerebam
874 3765 884 3833 5
910 3735 1009 3838 quod
1034 3746 1137 3836 postu

158 3851 295 3954 labam,
332 3860 369 3932 id
396 3864 537 3958 negavit
562 3879 602 3934 ²9.
637 3865 760 3964 Itaque
793 3866 921 3937 Caesar
953 3865 996 3935 iis
1030 3861 1136 3947 litoris7
1194 3934 1196 3971 :
