2626 4854
173 364 245 418 210
501 364 672 411 uurs'rom
698 366 836 411 ccxcru.
950 363 983 412 A.
1000 365 1035 413 v.
1054 365 1083 410 u.
1103 364 1147 424 70³

285 606 289 615 .
317 565 371 615 sa.
390 564 517 621 arnanise
537 566 568 621 t.
587 564 621 615 v.
640 564 669 616 c.
688 563 805 617 occur.
825 563 862 614 ιν
883 564 942 616 aa.
963 565 1028 620 occ.

484 790 629 855 ortano
655 790 805 855 A't'rlco
831 793 861 853 ὃ.

223 1006 236 1055 1
266 978 491 1055 Brundisium
517 979 676 1053 venimus
694 979 764 1051 VII
784 977 933 1051 Kalend.
960 980 1168 1056 Decembres

167 1107 222 1183 usi
248 1120 308 1178 tua
333 1104 499 1178 felicitate
523 1104 728 1202 navigandi:
754 1106 802 1178 ita
828 1104 918 1177 belle
944 1106 1050 1180 nobis
1075 1106 1169 1185 flavit

168 1231 212 1305 ab
238 1233 350 1332 Epiro
375 1230 570 1303 lenissimus
589 1232 833 1307 Onchesmites
853 1247 875 1304 ¹.
894 1233 1001 1307 Hunc
1017 1236 1169 1305 choadad.

167 1383 274 1456 ζοντα.
300 1359 328 1430 si
356 1359 412 1429 cui
439 1356 537 1431 voles
554 1368 612 1426 roe
629 1367 792 1454 νεωτέρων,
817 1384 884 1458 pro
901 1371 965 1431 tuo
985 1359 1129 1434 vendita
1145 1378 1166 1436 ².

216 1513 236 1557 2
255 1484 456 1556 invalitudo
474 1497 534 1557 tua
551 1511 608 1556 me
626 1484 730 1558 valde
747 1484 946 1558 conturbat.
964 1486 1167 1585 Significant

164 1613 260 1683 euim
285 1625 367 1684 tuae
389 1611 526 1711 literae,
553 1625 588 1684 te
606 1637 749 1711 prorsus
765 1611 934 1685 laborare.
945 1614 1025 1712 Ego
1044 1628 1168 1712 autem,

164 1765 274 1840 quum
298 1740 426 1837 sciam,
458 1765 563 1840 quam
597 1740 643 1813 sis
670 1739 785 1838 fortis,
822 1738 1067 1813 vehementius
1094 1767 1166 1814 esse

163 1866 331 1966 quiddam
355 1868 530 1965 suspicor,
555 1864 653 1967 quod
676 1879 711 1937 te
737 1880 841 1963 cogat
859 1865 1001 1966 cedere,
1028 1881 1066 1941 et
1088 1851 1166 1968 pro·

161 1991 353 2098 pemodum
379 1991 560 2089 infringat}
586 1993 652 2064 etsi
677 1990 821 2065 alteram
839 2007 1049 2093 quartanam
1067 1996 1168 2066 Pam·

163 2117 280 2216 philus
314 2132 395 2191 tuus
422 2120 436 2167 ³
466 2118 554 2190 mihi
587 2118 675 2191 dixit
708 2117 915 2219 decessisse,
952 2132 989 2192 et
1021 2119 1165 2197 alteram

160 2242 329 2320 leviorem
361 2243 537 2317 accedere.
568 2245 733 2318 Terentia
760 2271 864 2343 vero,
904 2272 995 2347 quae
1022 2245 1162 2348 quidem

161 2368 286 2443 eodem
304 2385 464 2470 tempore
483 2370 529 2442 ad
546 2384 686 2470 portam
698 2372 948 2453 Brundisinam
960 2373 1078 2466 venit,
1096 2399 1163 2474 quo

160 2520 224 2592 ego
243 2497 280 2568 iu
297 2511 457 2595 portum,
473 2497 628 2597 mihique
647 2497 753 2572 obvia
770 2500 807 2570 in
824 2498 900 2571 foro
918 2497 1001 2596 fuis,
1017 2501 1058 2577 L.
1070 2501 1162 2571 Pou-

158 2623 247 2694 tium
273 2623 339 2695 sibi
365 2625 402 2697 in
429 2623 631 2703 Trebulano
655 2624 672 2690 4
697 2624 824 2701 dixisse
850 2624 1034 2723 narrabat,
1058 2627 1161 2697 etiam

157 2775 235 2821 eam
262 2749 458 2825 decessisse.
477 2751 585 2842 Quod
602 2752 631 2823 si
655 2751 705 2824 ita
730 2765 801 2850 est,
827 2766 879 2833 est
897 2751 995 2852 quod
1012 2752 1160 2824 maxime

154 2874 353 2954 mehercule
379 2892 485 2976 opt03
520 2877 628 2978 idque
654 2904 758 2979 spero
785 2881 800 2934 5
826 2891 886 2955 tua
911 2877 1101 2984 prudentia
1127 2891 1160 2955 el

155 3003 386 3100 temperantia
413 3017 447 3074 te
474 3017 713 3076 consecutum.

204 3126 226 3205 3.
253 3127 369 3201 Venio
395 3128 442 3202 ad
467 3128 634 3229 epistolas
660 3144 754 3230 tuas,
779 3156 866 3232 quas
892 3156 958 3228 ego
979 3144 1159 3204 sexcentas

152 3276 224 3324 uno
242 3265 402 3354 tempore
420 3257 564 3358 accepi,
582 3256 684 3333 aliam
703 3256 770 3335 alia
786 3257 1049 3355 iucundiorem,
1074 3281 1160 3358 quae

153 3378 295 3478 quidem
328 3397 427 3453 erant
462 3397 521 3454 tua
554 3410 671 3459 mauu.
710 3383 802 3456 Nam
827 3381 983 3455 Alexidis
1017 3409 1159 3460 manum

151 3505 336 3605 amabam,
361 3508 458 3607 quod
483 3524 555 3580 tam
581 3535 692 3609 prope
720 3508 913 3583 accedebat
938 3508 984 3580 ad
1003 3508 1160 3585 similite

151 3629 270 3711 dinem
296 3645 376 3707 tuae
401 3633 541 3731 literae,
567 3660 641 3712 nou
667 3634 877 3734 amabam⁶,
903 3635 1002 3735 quod
1027 3633 1163 3705 indica·

53 3812 56 3819 ·
149 3753 212 3835 bat
237 3771 272 3837 te
297 3784 370 3833 non
395 3758 519 3838 valere.
545 3760 654 3837 Cuius
680 3762 847 3865 quoniam
872 3762 1036 3838 mentior
1064 3759 1189 3858 facta,

151 3895 224 3980 est3
241 3884 409 3966 Tironem
427 3888 542 3967 Patris
561 3913 702 3993 aegrum
720 3887 858 3997 reliqui,
885 3887 1167 3977 adolescentem,
