2626 4854
154 313 225 387 338
510 333 783 383 ,tunonsntouns

192 447 257 499 erat
272 434 404 509 Orodes,
414 437 585 496 nominatus
599 438 632 495 in
643 455 713 517 epp.
727 437 789 495 iam
802 433 898 495 dictis.
911 434 1005 494 Pecls.
1022 445 1054 495 et
1067 447 1159 516 qssatt

192 542 303 605 Ambb.
324 544 489 616 Arsacem,
507 543 599 602 Istinc
618 544 788 624 positione,
808 553 838 603 et
858 561 929 602 mox
952 541 1137 602 Seleuceam.

154 651 173 711 3
191 650 305 711 Dolece
324 649 404 710 oculi
422 648 568 710 dIcuntur
587 651 631 721 ci,
643 650 696 730 qui
710 647 793 710 videt
806 647 939 730 aliquid,
954 647 1045 729 quod
1058 648 1159 709 videre

192 757 301 830 nollet,
322 759 374 839 qui
396 756 524 828 invidet,
550 757 602 837 qui
630 776 718 836 aegre
742 757 870 837 petitus.
894 754 1012 816 Confer
1039 756 1158 816 Terent.

192 863 318 924 Phorm.
338 863 378 936 V,
396 862 434 935 8,
452 861 502 940 64.
530 862 571 923 In
590 862 711 943 repulsa
730 861 870 934 Domitii,
889 880 985 943 quum
1006 861 1071 922 scil
1093 863 1159 924 tulit

192 971 361 1042 Domitius,
380 978 561 1052 auguratum
583 970 712 1029 comitiis
732 978 852 1050 potens,
871 969 914 1029 M.
929 971 1065 1029 Antonio
1078 989 1156 1030 com·

192 1079 323 1159 petitore
353 1092 468 1156 augure
497 1075 597 1151 lacto,
628 1074 709 1136 Phil.
738 1076 786 1148 ll,
808 1094 826 1135 n
846 1085 878 1135 et
906 1074 988 1135 Hira
1017 1074 1052 1135 tt.
1083 1076 1156 1137 Gall.

192 1182 280 1254 VIII,
300 1177 349 1242 50.
478 1213 482 1219 ·
567 1188 571 1195 ’

152 1288 271 1364 4Τωε
289 1286 401 1350 Ambb.
421 1287 492 1348 Res.
512 1299 543 1349 et
562 1286 609 1348 ed.
630 1286 710 1348 Med.
730 1302 759 1348 et
775 1288 869 1370 plone
887 1287 943 1361 illc
961 1288 1073 1349 studio.

22 1396 25 1401 ’
152 1392 173 1455 5
191 1394 286 1456 Pauci
306 1393 443 1457 officium
462 1393 674 1456 necessitudini
695 1393 832 1455 debitum
852 1396 1088 1477 praestiterunt,
1101 1394 1156 1457 hoc

192 1514 251 1576 est,
271 1502 428 1585 autlcagnti
447 1515 518 1565 sunt
536 1504 689 1576 Domitio,
705 1504 755 1564 cui
768 1503 949 1585 cognatione
963 1502 1015 1565 vel
1028 1506 1155 1563 amicitia

191 1609 387 1685 tenebuntur,
411 1610 463 1671 sed
484 1612 578 1672 secuti
608 1621 678 1671 suut
703 1609 805 1673 studia
827 1611 983 1693 partium,
1007 1609 1095 1669 nihili
1118 1609 1155 1669 Ia-

191 1718 302 1781 cientcs
323 1716 460 1777 officium
481 1715 694 1778 necessitudini
714 1715 860 1778 debitum.
881 1716 918 1777 In
937 1736 1002 1798 seq.
1022 1716 1154 1778 membro

190 1822 279 1883 emb.
300 1845 319 1905 7
339 1835 383 1884 est
401 1824 477 1884 nu'lsi.
978 1872 983 1881 .

151 1928 172 1991 6
190 1931 263 1991 Mss.
283 1931 400 2013 aliquot
418 1933 602 2015 quenspsism3
622 1929 777 1992 Manutius
787 1929 819 2012 f
837 1952 867 2014 q.
885 1948 992 2004 suum,
1004 1953 1094 2017 quem
1106 1955 1153 1994 no·

189 2040 234 2098 sti
255 2037 317 2100 Sed
332 2050 436 2112 notat,
448 2050 483 2100 ut
497 2040 577 2100 idem
591 2039 673 2099 Men.
686 2049 791 2122 postca
803 2039 993 2120 explanavit,
1006 2042 1152 2122 ingenium

189 2146 337 2218 Domitii,
357 2148 406 2207 cui
426 2149 517 2207 etiam
538 2146 703 2209 luciliacus
723 2146 795 2208 odio
815 2156 923 2207 cuent.

152 2252 285 2331 yFortc
303 2254 359 2313 sibi
377 2266 466 2334 putat
488 2266 620 2335 ereptum
648 2266 834 2335 unguntum.
854 2254 876 2315 1.
897 2253 952 2315 Fr.
975 2253 1151 2321 Gronovius

191 2359 279 2436 Quae
300 2370 467 2440 sequuntur
489 2360 619 2443 explicat
639 2361 803 2422 Graevius:
824 2360 875 2421 Me
894 2372 1057 2423 nuctmem
1072 2362 1152 2423 sulse

189 2476 278 2547 putat
304 2465 458 2548 repulsae,
480 2468 624 2550 quonium
645 2478 676 2527 ct
695 2469 759 2550 ipse
777 2461 914 2527 laborovi
935 2489 997 2550 pso
1019 2472 1150 2531 Antonio.

189 2573 223 2631 ln
244 2594 305 2656 seq.
328 2572 466 2635 membro
485 2573 573 2635 Amb.
599 2573 635 2635 15
653 2577 765 2655 gavisos
784 2596 846 2634 esse
866 2577 1008 2637 homines.

149 2678 169 2740 8
189 2681 290 2753 Lucii,
311 2681 348 2742 de
369 2702 430 2763 quo
451 2683 536 2764 epist
557 2702 623 2764 sup.
643 2692 706 2742 not.
727 2680 763 2754 6,
782 2681 871 2742 filius.
897 2683 924 2743 A
946 2695 1057 2747 nostro
1083 2696 1149 2769 sept·

189 2787 274 2848 abest
294 2810 479 2870 pluenomen
503 2788 571 2860 Cn,
591 2798 621 2849 et
642 2800 713 2850 tunc
740 2789 919 2870 intelligitur
944 2791 1013 2873 ipse
1040 2794 1149 2853 Lucius.

188 2895 256 2954 Non
275 2899 317 2954 itu
338 2896 425 2955 male.

148 3000 271 3082 9Idest
291 3000 332 3060 ob
355 3013 523 3064 anteactam
550 3005 644 3065 vitam
670 3005 804 3064 maxime
831 3003 983 3064 odiosum.
1015 3005 1070 3067 Sic
1089 3025 1149 3066 cun

189 3107 268 3168 Vict.
288 3118 390 3169 noster
415 3109 463 3187 ¹53
487 3111 579 3193 vulgo
600 3108 747 3192 superiore
767 3133 788 3171 a
809 3113 883 3183 vita,
896 3113 1047 3177 nimirum
1061 3135 1080 3172 a
1093 3114 1149 3172 iilu-

189 3217 274 3272 nutio
296 3218 465 3297 cumgente
486 3229 579 3279 mstos
599 3220 732 3301 supcn'or
750 3238 787 3278 ea
807 3219 874 3279 vito.
894 3219 977 3278 Man.
998 3231 1031 3281 et
1052 3219 1149 3282 Laut.

187 3342 208 3380 α
227 3322 374 3403 superiore
395 3326 470 3398 vito,
491 3326 551 3386 ZeI.
572 3327 744 3409 Bsuperior
762 3327 792 3386 ei
809 3326 868 3386 vita
887 3326 1044 3387 Invidiosa.

152 3449 188 3488 ιο
209 3427 259 3488 Sic
279 3431 450 3513 corrigebat
465 3432 636 3507 Ernestius,
656 3446 687 3495 et
707 3433 866 3495 ediderunt
887 3444 958 3494 ante
979 3434 1150 3496 Schiitciusn

185 3535 358 3611 Manutius,
378 3540 485 3602 Lamb.
506 3553 536 3603 et
557 3541 653 3614 Otiv,
667 3552 699 3602 at
716 3542 762 3603 ed.
779 3541 837 3602 Ro.
856 3542 887 3602 in
906 3544 1151 3624 exspectationem

186 3659 236 3705 cst.
251 3647 354 3729 Vulgo
374 3651 405 3710 in
425 3652 661 3733 exspectatione,
679 3652 754 3710 inest
773 3651 868 3711 etium
891 3650 964 3711 Mox
988 3649 1021 3710 S.
1046 3651 1080 3712 P.
1100 3650 1148 3709 ab·

187 3753 377 3829 solistimum,
397 3769 467 3839 post
493 3778 586 3839 quam
614 3758 806 3831 Peducaeus,
828 3779 924 3838 aeque
952 3769 1006 3818 aut
1034 3758 1149 3840 gravius

187 3879 314 3936 nocens,
335 3863 491 3928 absolutus
513 3878 564 3928 est.
