2626 4854
163 345 230 417 180
460 363 632 413 urrsrons
656 364 840 412 ccnxxxrv.
941 355 973 409 a.
991 341 1027 404 u.
1044 357 1075 404 c.
1093 355 1140 417 με

156 467 276 542 deram
293 467 339 540 ad
364 480 400 540 te
424 493 552 566 unum,
576 466 694 568 quod,
719 491 828 567 quum
851 488 927 536 non
951 475 1049 536 esset
1075 475 1164 534 tem·

155 595 252 695 poris
278 595 366 666 mihi
390 594 435 668 ad
461 593 688 668 scribendum
712 593 818 692 satis,
842 604 964 664 tamen
980 590 1165 666 hominem

156 721 222 794 tibi
247 735 320 794 tam
344 720 548 793 familiarem
574 721 649 794 sine
675 720 760 792 meis
785 718 892 792 literis
918 716 966 790 ad
991 731 1027 790 te
1046 719 1164 791 venire

155 846 329 921 nolebam.
357 847 444 947 Sed,
469 861 510 920 ut
534 845 739 948 philosophi
756 844 939 920 ambulant
955 859 991 944 ²,
1015 843 1082 918 bas
1102 845 1164 918 tibi

155 974 334 1048 redditum
357 975 400 1048 iri
426 973 596 1075 putabam
620 974 726 1075 prius.
752 972 813 1045 Sin
836 969 908 1045 iam
932 969 1011 1044 illas
1029 972 1046 1020 ³
1065 996 1165 1043 acue-

154 1101 257 1202 pisti',
282 1102 350 1174 scis
366 1127 423 1175 me
436 1100 593 1177 Athenas
607 1102 743 1176 venisse
761 1097 851 1200 prid.
868 1097 955 1172 Idus
973 1097 1165 1198 Octobres3

155 1252 175 1300 e
200 1228 284 1301 navi
310 1253 486 1327 egressum
511 1204 549 1301 in
574 1229 760 1301 Piraeeum
784 1239 862 1299 tuas
889 1225 934 1298 ab
947 1225 1082 1299 Acasto
1100 1250 1164 1299 no-

156 1368 229 1429 stro
246 1353 364 1428 literas
383 1356 575 1456 accepisse,
589 1353 849 1453 conturbatum,
861 1351 960 1455 quod
974 1379 1057 1426 cum
1069 1350 1165 1425 febre

154 1481 303 1555 Romam
318 1483 471 1556 venisses
477 1509 488 1582 5
504 1482 601 1556 bono
618 1496 738 1555 tamen
755 1481 874 1555 animo
891 1505 968 1553 esse
985 1480 1166 1580 coepisse,

155 1609 252 1712 quod
277 1612 426 1684 Acastus
451 1637 511 1709 ea,
544 1636 633 1712 quae
659 1608 803 1707 vellem,
836 1607 881 1682 de
907 1606 1061 1683 allevato
1088 1630 1187 1680 cor—

154 1762 244 1837 pore
269 1750 332 1811 tuo
357 1739 552 1838 nuntiaret3
578 1736 800 1811 cohorruisse
826 1748 945 1808 autem
963 1760 1042 1834 me,
1067 1733 1206 1837 quoi

157 1877 239 1936 tuae
263 1863 385 1939 literae
411 1864 455 1937 de
487 1863 683 1964 legionibus
706 1863 874 1936 'Caesaris
908 1861 1099 1960 afferrent3
1132 1875 1206 1941 el:

153 1991 263 2088 egisse
290 2005 424 2091 tecum,
448 2005 489 2064 ut
514 1990 671 2090 videres,
702 2017 748 2062 ne
777 1987 864 2092 quid
889 1992 1049 2082 φιλοτιμία
1075 1989 1149 2062 eius
1173 2049 1206 2092 ‚

153 2142 259 2215 quem
283 2119 395 2215 nosti,
419 2117 524 2191 nobis
548 2131 707 2216 noceret5
735 2116 780 2189 de
806 2140 877 2218 quo
894 2114 912 2182 4
927 2116 1002 2196 iam,
1026 2113 1195 2215 pridem

154 2240 201 2312 ad
227 2254 262 2313 te
287 2243 504 2343 scripseram.
541 2244 741 2317 Turannius
775 2256 893 2316 autem
926 2267 1029 2337 secus
1055 2242 1072 2292 ⁵
1102 2240 1186 2318 tibi

152 2367 331 2445 Brundisii
349 2369 483 2444 dixerat
489 2396 499 2468 3
526 2369 623 2472 quod
639 2397 682 2442 ex
699 2372 740 2444 iis
756 2369 867 2443 literis
885 2369 1060 2468 cognovi,
1080 2395 1172 2470 quas

154 2516 174 2563 a
191 2493 346 2568 Xenone
358 2499 392 2596 ⁶,
416 2498 554 2597 optimo
571 2498 665 2596 viro,
682 2498 812 2597 accepi.
830 2497 903 2569 Cur
919 2494 1066 2568 fratrem
1082 2520 1160 2594 pro-

151 2618 288 2693 vinciae
313 2647 388 2696 non
413 2624 679 2725 praefecissem,
704 2606 851 2724 exposui
875 2621 1044 2715 breviter.
1068 2621 1152 2693 Haec

150 2743 222 2818 fere
247 2761 331 2821 sunt
354 2749 475 2823 in'illa
501 2749 659 2852 epistola.
703 2743 706 2751 ’

203 2901 225 2946 a
239 2873 342 2948 Nunc
360 2876 444 2950 audi
461 2877 602 2979 reliqua.
619 2880 688 2950 Per
701 2876 881 2950 fortunas!
900 2900 1046 2948 omnem
1063 2887 1145 2946 tuum

152 3025 325 3099 amorem,
351 3027 422 3103 quo
447 3029 505 3075 me
531 3029 567 3076 es
594 3001 776 3102 amplexus
783 3003 800 3100 ,'
826 3026 1041 3102 omnemque
1068 3014 1145 3072 tuam

151 3126 401 3226 prudentiam,
427 3155 532 3230 quarn
558 3128 758 3202 mehercule
784 3128 945 3201 inomni
972 3151 1097 3226 genere
1108 3125 1145 3194 iu-

152 3253 233 3326 dico
260 3253 486 3354 singularem,
519 3271 685 3329 converte
710 3257 780 3328 iam
807 3254 959 3328 adeam
986 3279 1102 3326 curam
1121 3268 1146 3341 ⁷,

151 3393 192 3454 ut
219 3379 262 3453 de
288 3383 384 3454 omni
410 3395 505 3456 statu
529 3406 609 3454 meo
637 3382 779 3479 cogites.
797 3379 929 3453 Videre
955 3380 1053 3452 enim
1077 3373 1146 3449 mihi

152 3507 275 3581 videor
293 3521 428 3580 tantam
447 3508 709 3580 dimicationem
725 3509 758 3605 ⁸,
774 3479 954 3578 uisi‘idem
973 3505 1077 3602 deus,
1099 3498 1146 3601 qui

148 3657 214 3706 nos
249 3632 391 3734 maline,
424 3662 530 3737 quam
563 3648 688 3734 optare
728 3633 959 3729 auderemuS,
994 3629 1145 3705 Parthico

150 3759 245 3833 hello
271 3760 450 3860 liberavit,
476 3762 668 3862 respexerit
685 3789 759 3834 rem
778 3760 978 3861 publicam,
1003 3758 1066 3832 sed
1081 3771 1147 3828 tane

149 3899 221 3959 tam
240 3905 278 3986 9,
313 3903 444 3989 quanta
471 3916 663 3991 numquam
698 3890 773 3962 fuit.
797 3890 894 3986 Age,
927 3886 997 3960 lroc
1030 3881 1148 3956 malurn
