2626 4854
251 330 337 405 312³
618 344 889 399 tunortrrouns

250 476 285 516 ιι
310 451 431 514 SciIIcet
450 449 495 512 de·
509 452 695 512 successione
715 449 959 532 provinciarum
971 455 1007 507 ut
1019 466 1066 530 ep
1085 443 1250 519 CCXXIII,

290 560 310 623 3
330 569 363 622 et
380 560 410 639 lp
429 558 503 621 Mox
522 560 555 619 in
575 556 717 621 omnibus
737 556 800 618 fere
820 554 908 616 libris
920 555 1074 639 reperitur
1087 551 1189 614 adbuc
1200 565 1250 625 cst,

287 667 370 730 unde
389 665 454 728 duo
473 666 623 730 Gronovii
642 663 786 747 legebant
804 664 956 738 roureto,
973 659 1013 722 de
1021 660 1197 746 provincii,
1214 661 1250 720 ιἰι-

288 795 380 860 quum
387 819 399 850 ,
417 772 518 836 adhuc
536 784 588 834 est.
609 771 782 833 Incubuisse
802 780 858 832 etc.

249 901 288 944 ιι
310 884 386 943 Ante
406 880 579 944 victorium
599 880 712 962 passim
731 876 776 940 ad
793 877 843 941 vel
863 889 934 940 ante
955 875 1032 938 Idus
1052 873 1149 949 Nou,
1167 877 1251 936 sicet

289 987 466 1050 Lambinus.

248 1096 289 1157 23
310 1095 490 1180 Optimetes.
513 1092 665 1156 Graevius.

248 1203 290 1282 ²4
309 1203 386 1265 Tres
404 1203 500 1263 nostri
527 1223 598 1264 cum
623 1201 703 1264 Iibro
723 1200 828 1264 Vrsini
853 1219 991 1275 summas
1014 1199 1069 1263 sed
1094 1217 1185 1261 roera
1204 1197 1251 1260 de-

288 1309 383 1372 fendit
402 1309 568 1384 Graevius,
586 1307 621 1369 h.
638 1330 664 1370 e.
685 1312 778 1370 totius
798 1310 843 1370 rei
863 1311 953 1371 ratio.

248 1414 289 1478 25
308 1415 419 1478 Ambb.
441 1439 475 1498 7,
500 1417 551 1490 13,
570 1416 642 1478 Rec.
655 1427 686 1477 et
698 1415 765 1477 edd.
779 1437 827 1499 pr.
840 1415 1041 1498 desigrmtums
1061 1417 1201 1477 varietati
1214 1416 1253 1476 Io·

287 1544 358 1585 cum
377 1523 448 1586 fecit
467 1522 682 1606 compendium
703 1525 873 1606 scripturae
884 1522 996 1604 derige.
1009 1525 1042 1583 iu
1055 1523 1177 1606 aliquot
1189 1545 1251 1603 mss.

248 1627 290 1691 26
309 1631 346 1691 In
366 1651 428 1713 quo
447 1629 613 1714 Pompeius
633 1632 745 1691 iterum
766 1629 871 1691 consul
897 1650 1023 1712 operam
1052 1606 1192 1691 dederat(
1206 1651 1253 1689 au·

288 1739 416 1810 ctorque
435 1727 552 1801 fuerat,
571 1738 608 1789 ut
621 1726 792 1789 Trebonius
806 1727 946 1789 tribunus
965 1727 1008 1811 pt
1028 1725 1069 1789 ‹Ic
1087 1728 1253 1789 Galliarum

287 1836 419 1918 imperio
439 1835 560 1896 Caesari
580 1837 613 1895 in
633 1835 763 1896 alterurn
790 1837 1031 1917 quinquennium
1060 1834 1252 1918 prorogando

169 1976 181 2005 s
246 1986 249 1993 -
286 1940 385 2024 legem
406 1940 511 2004 ferret:
534 1941 619 2024 quod
637 1940 915 2003 beneficiumnunc
928 1939 1008 2002 idem
1021 1940 1193 2023 Pompeius
1206 1964 1252 2002 co·

245 2088 250 2097 ·
286 2047 421 2110 nubatur
441 2051 573 2132 eripere,
594 2070 690 2132 quum
711 2069 782 2110 eum
802 2057 871 2111 ante
890 2048 962 2111 Idus
975 2048 1053 2110 Nov.
1066 2046 1253 2110 veII'etdece·

287 2154 368 2216 dere.
390 2155 553 2217 Manutius.

246 2280 285 2344 27
305 2261 374 2320 Non
394 2259 433 2320 ab
454 2263 572 2334 amicis,
592 2271 627 2321 ut
646 2260 817 2336 Manutius,
837 2260 889 2322 sed
907 2259 1030 2343 abipso
1051 2261 1189 2325 Curione
1208 2265 1252 2323 in-

286 2376 456 2429 tercessuro
484 2367 631 2450 quicquid
657 2371 691 2429 in
717 2369 877 2431 Caesarem
902 2379 1044 2431 statuent.
1065 2370 1095 2431 I.
1116 2369 1157 2432 F.
1180 2369 1252 2432 Gro-

287 2495 396 2534 novius.

246 2579 288 2643 28
307 2581 432 2642 Nullum
453 2585 613 2665 optimates
633 2584 789 2646 decretum
817 2584 855 2645 de
875 2586 1064 2646 successione
1085 2587 1252 2669 provincia·

243 2730 251 2739 -
284 2710 354 2750 rum
375 2711 394 2750 a
414 2702 520 2752 senatu
540 2691 673 2765 elicient,
694 2704 723 2753 et
745 2693 856 2754 Caesar
876 2694 907 2753 iu
926 2694 1091 2775 provincia
1113 2691 1252 2754 manebit.

286 2796 377 2858 Multi
400 2796 510 2858 Ambb.
537 2799 609 2860 Rec.
632 2811 663 2861 et
688 2799 756 2861 edd.
783 2801 859 2862 lens
884 2809 914 2860 et
940 2800 1016 2860 Min.
1039 2800 1253 2861 intercessorem

251 2941 254 2945 -
284 2903 312 2960 si
330 2922 360 2984 q.
380 2924 404 2962 v.
426 2903 650 2985 reformidarint.

245 3022 286 3090 29
305 3008 420 3091 Nempe
445 3012 477 3070 in
505 3023 610 3073 senatu
637 3011 676 3073 de
696 3015 871 3095 provinciis.
897 3013 938 3073 In
964 3016 1178 3077 commentario
1197 3026 1252 3086 est,

285 3114 411 3175 iunctis
432 3118 543 3200 scriptu
563 3128 615 3179 est.
638 3118 727 3179 Amb.
751 3119 788 3181 15
807 3121 845 3182 in.
866 3141 890 3182 c.
912 3141 974 3181 esse
998 3140 1102 3182 rerum
1127 3123 1250 3186 urbano·

245 3256 249 3265 ι
285 3223 458 3283 rum'scias.

245 3326 285 3388 30
307 3327 474 3411 Rescripsit
495 3329 670 3405 Schiitzius,
684 3344 809 3396 auctore
822 3334 976 3406 Weiskio,
990 3334 1043 3415 sed
1056 3337 1120 3408 ita,
1141 3348 1249 3398 utrum

285 3434 530 3499 antecedentibus
542 3442 751 3521 coniungeret:
766 3454 796 3502 et
809 3443 982 3522 ineptrurum
992 3453 1162 3503 ceterarum
1170 3443 1251 3525 plura

284 3542 375 3603 habet
383 3543 500 3626 sutibiq
520 3567 576 3608 ms.
597 3548 687 3608 Peclr.
708 3549 818 3620 Italia,
831 3548 912 3608 uude
927 3547 1112 3610 Guilielmus
1126 3552 1250 3629 corrige·

285 3647 340 3710 bat
354 3652 441 3728 ιαίἰας
463 3653 610 3715 Graevius
630 3656 648 3716 i.
668 3677 693 3716 c.
712 3657 804 3734 plura
823 3657 911 3716 hahet
929 3667 959 3714 et
978 3655 1080 3729 utilio,
1102 3657 1188 3738 quod
1200 3656 1249 3715 Er-

210 3799 212 3803 <
285 3758 383 3817 nestio
402 3779 465 3820 non
485 3760 642 3844 probavit3
662 3762 832 3831 tutemet
852 3762 991 3826 OIIvetus
1010 3763 1030 3823 i.
1051 3782 1078 3825 c.
1096 3767 1190 3846 ptura
1202 3762 1249 3821 Iu-

284 3861 333 3922 bet
351 3864 472 3928 Inutilia.
