2626 4854
150 378 195 423 22
494 371 666 419 11111011
690 371 792 416 cenn.
934 367 964 416 Α.
977 371 1011 418 v.
1031 371 1060 418 c.
1080 371 1132 432 702

151 490 249 574 gestu
265 473 460 572 histrionis3
477 486 517 544 tu
534 472 679 545 sceleste
696 472 899 571 suspicaris,
916 496 981 570 ego
994 477 1114 556 ἀφελῶς
1122 472 1156 539 4¹

149 603 281 703 scripsi.

199 729 224 802 6
248 730 302 801 De
327 753 384 801 me
408 726 621 826 imperatore
646 724 767 797 scribis
794 738 897 796 teex
913 724 1096 797 Philotimi
1114 725 1157 796 li-

150 855 232 928 teris
259 863 436 951 cognosse.
463 851 534 925 Sed
559 851 664 924 credo
691 866 740 949 te,
765 852 836 922 iam
859 850 897 921 in
913 851 1025 950 Epiro
1043 878 1156 952 quum

150 1007 265 1079 esses,
287 979 390 1053 binas
416 1003 511 1050 meas
528 976 562 1043 4²
580 972 624 1050 de
641 975 804 1049 omnibus
829 975 934 1049 rebus
959 977 1158 1075 accepisse,

151 1132 239 1179 unas
277 1131 297 1178 a
336 1105 544 1178 Pindenisso
578 1118 707 1204 capto,
744 1103 870 1175 alteras
903 1129 923 1174 a
955 1102 1159 1202 Laodicea,

151 1247 315 1332 utrasque
342 1234 409 1304 tuis
435 1233 553 1331 pueris
571 1230 679 1302 datas.
698 1230 836 1321 Quibus
861 1228 905 1301 de
929 1229 1048 1327 rebus,
1074 1256 1161 1330 pro-

151 1373 231 1458 pter
248 1385 367 1431 casum
383 1358 589 1456 navigandi⁷
614 1383 678 1457 per
694 1357 795 1429 binos
813 1355 1012 1428 tabellarios
1030 1357 1111 1429 misi
1125 1356 1159 1421 4³

119 1532 121 1536 ι
152 1487 302 1558 Romam
325 1486 443 1558 literas
469 1485 618 1586 publice.

203 1639 223 1713 7
250 1614 304 1685 De
329 1611 444 1683 Tullia
470 1637 548 1682 mea
574 1610 638 1682 tihi
664 1611 834 1683 assentior
842 1635 852 1710 3
885 1611 1077 1710 scripsique
1113 1610 1160 1681 ad

153 1763 247 1835 eam,
273 1752 309 1810 et
334 1735 381 1808 ad
405 1737 622 1834 Terentiam,
647 1736 733 1807 mihi
757 1735 896 1836 placere
921 1734 963 1807 44.
990 1736 1046 1809 Tu
1063 1736 1161 1807 enim

154 1864 200 1938 ad
224 1889 282 1936 me
307 1865 376 1936 iam
403 1878 484 1936 ante
510 1865 715 1964 scripseras:
741 1888 786 1934 ac
806 1863 929 1934 vellem
947 1875 979 1934 te
997 1867 1035 1934 in
1053 1875 1159 1934 tuum

154 2005 300 2064 veterem
323 2017 461 2091 gregepr
486 1980 665 2063 retulisses
690 1989 732 2060 45.
766 1990 932 2062 Correcta
964 2015 1050 2062 vero
1083 1992 1161 2090 epi-

159 2117 249 2189 stola
281 2119 494 2190 Memmiana
526 2116 614 2189 nihil
644 2118 778 2214 negotii
810 2115 882 2188 luit.
917 2116 1031 2189 Multo
1063 2119 1161 2189 enim

155 2243 250 2315 malo
275 2242 370 2315 hunc
397 2270 417 2314 a
442 2243 624 2341 Pontidia,
651 2270 755 2343 quam
781 2243 926 2315 illum‘a
952 2242 1100 2316 Servilia
1116 2243 1160 2315 4⁶.

155 2370 272 2459 Quare
299 2367 466 2467 adiunges
491 2371 632 2442 Aulium
657 2383 834 2468 nostrum,
858 2369 1040 2442 hominem
1065 2395 1159 2442 sem-

154 2523 219 2596 per
244 2509 421 2568 amantem
445 2498 531 2595 mei5
556 2522 669 2593 nunc,
694 2496 816 2595 credo,
842 2521 885 2570 eo
911 2497 1035 2596 magis,
1060 2496 1162 2597 quod

93 2664 97 2673 ·
157 2619 263 2694 debet
287 2624 394 2695 etiam
419 2620 534 2697 fratris
547 2624 655 2723 Appii
666 2622 697 2688 41
717 2649 873 2695 amorem
900 2649 980 2720 erga
1005 2648 1164 2696 mecum

154 2748 286 2850 reliqua
312 2748 505 2822 hereditate
527 2750 675 2822 crevisse
682 2777 693 2847 5
720 2751 779 2850 qui
803 2748 1011 2848 declaravit,
1038 2753 1164 2851 quanti

63 2898 71 2961 j
154 2899 211 2946 me
236 2874 382 2974 laceret,
408 2903 516 2976 quum
542 2901 663 2976 saepe⁷
689 2890 765 2949 tum
789 2878 828 2948 in
843 2878 955 2950 Bursa
968 2874 1011 2947 4⁸.
1029 2876 1105 2949 Nae
1124 2891 1164 2948 tu

158 3025 216 3070 me
241 3000 462 3073 solicitudine
487 3013 613 3099 magna
638 3000 804 3075 liberaris.

205 3131 228 3201 8
254 3128 376 3199 Furnii
402 3129 563 3228 exceptio
575 3128 609 3194 49
633 3129 720 3200 milri
744 3155 818 3203 non
835 3126 961 3229 placet.
975 3127 1050 3201 Nec
1068 3130 1165 3200 enim

157 3278 221 3351 ego
247 3253 358 3326 ullum
383 3253 478 3326 aliud
503 3269 642 3356 tempus
668 3257 793 3355 timec,
818 3256 885 3328 nisi
911 3254 1007 3357 quod
1032 3254 1091 3327 ille
1111 3281 1165 3328 so·

104 3420 110 3430 ·
156 3380 230 3451 lum
256 3382 287 3430 ⁵⁰
315 3383 452 3481 excipit.
480 3381 550 3454 Sed
576 3383 763 3483 scriberem
790 3382 835 3454 ad
862 3395 896 3454 te
923 3381 966 3454 de
992 3381 1061 3452 hoc
1083 3380 1163 3480 plu-

155 3531 211 3605 ra,
234 3508 265 3579 si
281 3509 414 3611 Romae
440 3535 541 3581 esses
559 3511 601 3581 In
613 3510 785 3610 Pompeio
800 3511 830 3558 ⁵¹
850 3523 885 3580 te
903 3534 1002 3608 spem
1019 3533 1164 3579 ornnem

160 3633 225 3704 otii
249 3659 382 3734 ponere
407 3660 483 3708 nou
507 3636 632 3739 miror:
658 3637 708 3708 ita
724 3662 780 3709 res
797 3649 866 3733 est5
890 3633 1166 3707 removendum-¹

160 3785 228 3860 que
262 3785 387 3834 censeo
424 3761 513 3834 illud
548 3763 830 3836 dissimulantem
857 3764 898 3834 ⁵².
938 3760 1007 3833 Sed
1048 3761 1162 3857 enim,

159 3891 314 3978 οἰκονομία
330 3889 359 3962 si
376 3889 613 3990 perturbatior
629 3904 700 3989 est,
725 3889 791 3963 tibi
808 3890 999 3985 assignato}
1015 3900 1051 3958 te
1069 3888 1161 3958 euim

166 4038 293 4112 sequor
318 4018 516 4114 σχεδιάζεοτο.
541 4020 581 4089 ⁵3.
