<?xml version="1.0" encoding="UTF-8"?>
<!DOCTYPE html PUBLIC "-//W3C//DTD XHTML 1.0 Transitional//EN"
    "http://www.w3.org/TR/xhtml1/DTD/xhtml1-transitional.dtd">
<html xmlns="http://www.w3.org/1999/xhtml" xml:lang="en" lang="en">
 <head>
  <title>
</title>
<meta http-equiv="Content-Type" content="text/html;charset=utf-8" />
  <meta name='ocr-system' content='tesseract 3.04.00' />
  <meta name='ocr-capabilities' content='ocr_page ocr_carea ocr_par ocr_line ocrx_word'/>
</head>
<body>
  <div class='ocr_page' id='page_1' title='image "./mtulliiciceroni59cicegoog/mtulliiciceroni59cicegoog_0354.png"; bbox 0 0 2626 4854; ppageno 0'>
   <div class='ocr_carea' id='block_1_1' title="bbox 542 337 1175 438">
    <p class='ocr_par' dir='ltr' id='par_1_1' title="bbox 542 337 1175 438">
     <span class='ocr_line' id='line_1_1' title="bbox 542 337 1175 438; baseline 0.005 -29"><span class='ocrx_word' id='word_1_1' title='bbox 542 363 579 412; x_wconf 84' lang='lat' dir='ltr'><strong>ru</strong></span> <span class='ocrx_word' id='word_1_2' title='bbox 606 357 797 410; x_wconf 78' lang='lat' dir='ltr'><strong>arrsronas</strong></span> <span class='ocrx_word' id='word_1_3' title='bbox 1101 337 1175 438; x_wconf 70' lang='grc'><strong>349</strong></span> 
     </span>
    </p>
   </div>
   <div class='ocr_carea' id='block_1_2' title="bbox 152 460 1215 3728">
    <p class='ocr_par' dir='ltr' id='par_1_2' title="bbox 167 460 1176 1080">
     <span class='ocr_line' id='line_1_2' title="bbox 167 460 1174 547; baseline 0.001 -22"><span class='ocrx_word' id='word_1_4' title='bbox 167 484 207 525; x_wconf 79' lang='lat' dir='ltr'><strong>ao</strong></span> <span class='ocrx_word' id='word_1_5' title='bbox 227 464 352 524; x_wconf 82' lang='lat' dir='ltr'>Iunctae</span> <span class='ocrx_word' id='word_1_6' title='bbox 366 473 396 523; x_wconf 91' lang='lat' dir='ltr'><strong>et</strong></span> <span class='ocrx_word' id='word_1_7' title='bbox 408 464 574 547; x_wconf 65' lang='lat' dir='ltr'><strong>implexae,</strong></span> <span class='ocrx_word' id='word_1_8' title='bbox 588 463 659 525; x_wconf 89' lang='lat' dir='ltr'><strong>fidei</strong></span> <span class='ocrx_word' id='word_1_9' title='bbox 672 471 704 524; x_wconf 86' lang='lat' dir='ltr'><strong>et</strong></span> <span class='ocrx_word' id='word_1_10' title='bbox 716 461 825 522; x_wconf 86' lang='lat' dir='ltr'><strong>federis</strong></span> <span class='ocrx_word' id='word_1_11' title='bbox 840 462 969 543; x_wconf 78' lang='lat' dir='ltr'><strong>signum.</strong></span> <span class='ocrx_word' id='word_1_12' title='bbox 984 460 1107 546; x_wconf 84' lang='lat' dir='ltr'><strong>Popma.</strong></span> <span class='ocrx_word' id='word_1_13' title='bbox 1121 465 1174 526; x_wconf 93' lang='lat' dir='ltr'><strong>In-</strong></span> 
     </span>
     <span class='ocr_line' id='line_1_3' title="bbox 206 557 1176 652; baseline 0.001 -20"><span class='ocrx_word' id='word_1_14' title='bbox 206 570 402 652; x_wconf 81' lang='lat' dir='ltr'><strong>telligendum</strong></span> <span class='ocrx_word' id='word_1_15' title='bbox 416 570 453 632; x_wconf 84' lang='lat' dir='ltr'><strong>de</strong></span> <span class='ocrx_word' id='word_1_16' title='bbox 467 571 592 648; x_wconf 82' lang='lat' dir='ltr'><strong>dextris,</strong></span> <span class='ocrx_word' id='word_1_17' title='bbox 604 570 636 632; x_wconf 89' lang='lat' dir='ltr'><strong>h.</strong></span> <span class='ocrx_word' id='word_1_18' title='bbox 649 591 674 632; x_wconf 89' lang='lat' dir='ltr'><strong>e.</strong></span> <span class='ocrx_word' id='word_1_19' title='bbox 688 557 900 630; x_wconf 86' lang='lat' dir='ltr'><strong>coniunctione</strong></span> <span class='ocrx_word' id='word_1_20' title='bbox 913 571 1086 633; x_wconf 87' lang='lat' dir='ltr'><strong>arctissima</strong></span> <span class='ocrx_word' id='word_1_21' title='bbox 1099 569 1176 633; x_wconf 89' lang='lat' dir='ltr'><strong>Cae·</strong></span> 
     </span>
     <span class='ocr_line' id='line_1_4' title="bbox 205 675 1176 760; baseline 0 -20"><span class='ocrx_word' id='word_1_22' title='bbox 205 679 283 741; x_wconf 89' lang='lat' dir='ltr'><strong>saris</strong></span> <span class='ocrx_word' id='word_1_23' title='bbox 303 687 334 737; x_wconf 90' lang='lat' dir='ltr'><strong>et</strong></span> <span class='ocrx_word' id='word_1_24' title='bbox 352 677 508 760; x_wconf 89' lang='lat' dir='ltr'><strong>Pompeii,</strong></span> <span class='ocrx_word' id='word_1_25' title='bbox 527 697 683 740; x_wconf 76' lang='lat' dir='ltr'><strong>non=vero</strong></span> <span class='ocrx_word' id='word_1_26' title='bbox 704 696 827 749; x_wconf 87' lang='lat' dir='ltr'><strong>eorum,</strong></span> <span class='ocrx_word' id='word_1_27' title='bbox 848 677 902 759; x_wconf 92' lang='lat' dir='ltr'><strong>qui</strong></span> <span class='ocrx_word' id='word_1_28' title='bbox 915 697 947 738; x_wconf 83' lang='lat' dir='ltr'><strong>se</strong></span> <span class='ocrx_word' id='word_1_29' title='bbox 960 676 1000 737; x_wconf 88' lang='lat' dir='ltr'><strong>ad</strong></span> <span class='ocrx_word' id='word_1_30' title='bbox 1014 675 1176 740; x_wconf 85' lang='lat' dir='ltr'><strong>Caesarem</strong></span> 
     </span>
     <span class='ocr_line' id='line_1_5' title="bbox 206 783 1175 863; baseline 0.003 -20"><span class='ocrx_word' id='word_1_31' title='bbox 206 785 359 863; x_wconf 90' lang='lat' dir='ltr'><strong>(Lucam)</strong></span> <span class='ocrx_word' id='word_1_32' title='bbox 388 784 590 846; x_wconf 82' lang='lat' dir='ltr'><strong>contulerunt</strong></span> <span class='ocrx_word' id='word_1_33' title='bbox 618 783 772 846; x_wconf 74' lang='lat' dir='ltr'><em>Graevius.</em></span> <span class='ocrx_word' id='word_1_34' title='bbox 796 783 845 845; x_wconf 92' lang='lat' dir='ltr'><strong>De</strong></span> <span class='ocrx_word' id='word_1_35' title='bbox 864 784 1078 845; x_wconf 87' lang='lat' dir='ltr'><strong>coniunctione</strong></span> <span class='ocrx_word' id='word_1_36' title='bbox 1097 783 1175 846; x_wconf 88' lang='lat' dir='ltr'><strong>Cae-</strong></span> 
     </span>
     <span class='ocr_line' id='line_1_6' title="bbox 205 889 1175 975; baseline 0 -23"><span class='ocrx_word' id='word_1_37' title='bbox 205 893 280 952; x_wconf 86' lang='lat' dir='ltr'><strong>saris</strong></span> <span class='ocrx_word' id='word_1_38' title='bbox 298 901 328 952; x_wconf 90' lang='lat' dir='ltr'><strong>et</strong></span> <span class='ocrx_word' id='word_1_39' title='bbox 346 889 499 952; x_wconf 87' lang='lat' dir='ltr'>Ciceronis</span> <span class='ocrx_word' id='word_1_40' title='bbox 520 893 706 975; x_wconf 81' lang='lat' dir='ltr'><strong>acciperem,</strong></span> <span class='ocrx_word' id='word_1_41' title='bbox 726 899 760 950; x_wconf 91' lang='lat' dir='ltr'><strong>ut</strong></span> <span class='ocrx_word' id='word_1_42' title='bbox 780 891 841 950; x_wconf 86' lang='lat' dir='ltr'><strong>iarn</strong></span> <span class='ocrx_word' id='word_1_43' title='bbox 863 889 1018 952; x_wconf 79' lang='lat' dir='ltr'><strong>Manutius</strong></span> <span class='ocrx_word' id='word_1_44' title='bbox 1038 891 1175 974; x_wconf 82' lang='lat' dir='ltr'>exponit,</span> 
     </span>
     <span class='ocr_line' id='line_1_7' title="bbox 204 997 933 1080; baseline -0.001 -22"><span class='ocrx_word' id='word_1_45' title='bbox 204 1000 229 1058; x_wconf 92' lang='lat' dir='ltr'><strong>si</strong></span> <span class='ocrx_word' id='word_1_46' title='bbox 250 1017 320 1060; x_wconf 89' lang='lat' dir='ltr'><strong>mea</strong></span> <span class='ocrx_word' id='word_1_47' title='bbox 339 1018 412 1080; x_wconf 79' lang='lat' dir='ltr'><strong>erga</strong></span> <span class='ocrx_word' id='word_1_48' title='bbox 432 998 599 1059; x_wconf 87' lang='lat' dir='ltr'><strong>Graevium</strong></span> <span class='ocrx_word' id='word_1_49' title='bbox 619 997 789 1059; x_wconf 82' lang='lat' dir='ltr'><strong>reverentia</strong></span> <span class='ocrx_word' id='word_1_50' title='bbox 812 998 933 1058; x_wconf 85' lang='lat' dir='ltr'><strong>sineret.</strong></span> 
     </span>
    </p>

    <p class='ocr_par' dir='ltr' id='par_1_3' title="bbox 162 1101 1175 1613">
     <span class='ocr_line' id='line_1_8' title="bbox 162 1101 1175 1186; baseline 0.001 -22"><span class='ocrx_word' id='word_1_51' title='bbox 162 1122 199 1166; x_wconf 81' lang='lat' dir='ltr'><strong>ar</strong></span> <span class='ocrx_word' id='word_1_52' title='bbox 224 1102 452 1186; x_wconf 78' lang='lat' dir='ltr'><strong>Rogatus-de</strong></span> <span class='ocrx_word' id='word_1_53' title='bbox 468 1103 584 1179; x_wconf 74' lang='lat' dir='ltr'><strong>Caelio,</strong></span> <span class='ocrx_word' id='word_1_54' title='bbox 601 1105 748 1165; x_wconf 90' lang='lat' dir='ltr'><strong>nimirum</strong></span> <span class='ocrx_word' id='word_1_55' title='bbox 763 1102 1013 1176; x_wconf 85' lang='lat' dir='ltr'><strong>eiconciliando,</strong></span> <span class='ocrx_word' id='word_1_56' title='bbox 1024 1112 1060 1164; x_wconf 89' lang='lat' dir='ltr'><strong>nt</strong></span> <span class='ocrx_word' id='word_1_57' title='bbox 1072 1101 1123 1164; x_wconf 87' lang='lat' dir='ltr'><strong>hic</strong></span> <span class='ocrx_word' id='word_1_58' title='bbox 1135 1101 1175 1165; x_wconf 93' lang='lat' dir='ltr'><strong>de</strong></span> 
     </span>
     <span class='ocr_line' id='line_1_9' title="bbox 202 1209 1173 1294; baseline 0 -23"><span class='ocrx_word' id='word_1_59' title='bbox 202 1213 322 1274; x_wconf 92' lang='lat' dir='ltr'><strong>ratione</strong></span> <span class='ocrx_word' id='word_1_60' title='bbox 336 1211 471 1273; x_wconf 81' lang='lat' dir='ltr'><strong>Caesaris</strong></span> <span class='ocrx_word' id='word_1_61' title='bbox 485 1210 616 1272; x_wconf 87' lang='lat' dir='ltr'><strong>absentis</strong></span> <span class='ocrx_word' id='word_1_62' title='bbox 629 1209 772 1271; x_wconf 86' lang='lat' dir='ltr'><strong>habenda</strong></span> <span class='ocrx_word' id='word_1_63' title='bbox 791 1210 900 1287; x_wconf 69' lang='lat' dir='ltr'><strong>ferret,</strong></span> <span class='ocrx_word' id='word_1_64' title='bbox 914 1231 961 1294; x_wconf 87' lang='lat' dir='ltr'><strong>ep.</strong></span> <span class='ocrx_word' id='word_1_65' title='bbox 979 1209 1141 1284; x_wconf 76' lang='lat' dir='ltr'><strong>ccxciv,</strong></span> <span class='ocrx_word' id='word_1_66' title='bbox 1154 1229 1173 1271; x_wconf 79' lang='lat' dir='ltr'><strong>a</strong></span> 
     </span>
     <span class='ocr_line' id='line_1_10' title="bbox 203 1314 1173 1400; baseline 0.002 -23"><span class='ocrx_word' id='word_1_67' title='bbox 203 1338 222 1377; x_wconf 88' lang='lat' dir='ltr'><strong>n</strong></span> <span class='ocrx_word' id='word_1_68' title='bbox 242 1318 322 1379; x_wconf 88' lang='lat' dir='ltr'><strong>med.</strong></span> <span class='ocrx_word' id='word_1_69' title='bbox 342 1320 383 1379; x_wconf 82' lang='lat' dir='ltr'><strong>At</strong></span> <span class='ocrx_word' id='word_1_70' title='bbox 400 1316 569 1379; x_wconf 78' lang='lat' dir='ltr'><strong>Lambinus</strong></span> <span class='ocrx_word' id='word_1_71' title='bbox 589 1317 627 1380; x_wconf 92' lang='lat' dir='ltr'><strong>de</strong></span> <span class='ocrx_word' id='word_1_72' title='bbox 641 1315 782 1378; x_wconf 91' lang='lat' dir='ltr'><strong>omnibus</strong></span> <span class='ocrx_word' id='word_1_73' title='bbox 802 1315 934 1378; x_wconf 90' lang='lat' dir='ltr'><strong>tribunis</strong></span> <span class='ocrx_word' id='word_1_74' title='bbox 954 1314 1051 1400; x_wconf 85' lang='lat' dir='ltr'><strong>plebis</strong></span> <span class='ocrx_word' id='word_1_75' title='bbox 1068 1315 1173 1379; x_wconf 86' lang='lat' dir='ltr'><strong>locum</strong></span> 
     </span>
     <span class='ocr_line' id='line_1_11' title="bbox 200 1422 1173 1509; baseline -0.002 -23"><span class='ocrx_word' id='word_1_76' title='bbox 200 1427 298 1508; x_wconf 91' lang='lat' dir='ltr'><strong>cepit,</strong></span> <span class='ocrx_word' id='word_1_77' title='bbox 317 1423 471 1508; x_wconf 84' lang='lat' dir='ltr'><strong>ediditque</strong></span> <span class='ocrx_word' id='word_1_78' title='bbox 488 1423 526 1486; x_wconf 82' lang='lat' dir='ltr'><strong>ds</strong></span> <span class='ocrx_word' id='word_1_79' title='bbox 537 1423 640 1487; x_wconf 85' lang='lat' dir='ltr'><strong>decem</strong></span> <span class='ocrx_word' id='word_1_80' title='bbox 654 1425 775 1491; x_wconf 65' lang='grc' dir='ltr'><strong><em>ἰνὶὑιιηίε</em></strong></span> <span class='ocrx_word' id='word_1_81' title='bbox 785 1423 898 1507; x_wconf 84' lang='lat' dir='ltr'><strong>plebis,</strong></span> <span class='ocrx_word' id='word_1_82' title='bbox 911 1423 1002 1509; x_wconf 83' lang='lat' dir='ltr'><strong>plane</strong></span> <span class='ocrx_word' id='word_1_83' title='bbox 1015 1433 1051 1490; x_wconf 92' lang='lat' dir='ltr'><strong>nt</strong></span> <span class='ocrx_word' id='word_1_84' title='bbox 1064 1422 1133 1487; x_wconf 90' lang='lat' dir='ltr'><strong>loco</strong></span> <span class='ocrx_word' id='word_1_85' title='bbox 1146 1443 1173 1484; x_wconf 87' lang='lat' dir='ltr'><strong>o.</strong></span> 
     </span>
     <span class='ocr_line' id='line_1_12' title="bbox 202 1531 323 1613; baseline -0.008 -20"><span class='ocrx_word' id='word_1_86' title='bbox 202 1531 323 1613; x_wconf 81' lang='lat' dir='ltr'><strong>legitur.</strong></span> 
     </span>
    </p>

    <p class='ocr_par' dir='ltr' id='par_1_4' title="bbox 159 1634 1171 1829">
     <span class='ocr_line' id='line_1_13' title="bbox 159 1634 1171 1722; baseline 0.001 -25"><span class='ocrx_word' id='word_1_87' title='bbox 159 1657 199 1698; x_wconf 78' lang='lat' dir='ltr'><strong>aa</strong></span> <span class='ocrx_word' id='word_1_88' title='bbox 221 1637 290 1698; x_wconf 88' lang='lat' dir='ltr'><strong>Hoc</strong></span> <span class='ocrx_word' id='word_1_89' title='bbox 309 1648 370 1712; x_wconf 86' lang='lat' dir='ltr'><strong>est,</strong></span> <span class='ocrx_word' id='word_1_90' title='bbox 389 1658 497 1702; x_wconf 82' lang='lat' dir='ltr'><strong>vereor</strong></span> <span class='ocrx_word' id='word_1_91' title='bbox 516 1639 614 1702; x_wconf 91' lang='lat' dir='ltr'><strong>bonos</strong></span> <span class='ocrx_word' id='word_1_92' title='bbox 634 1659 755 1714; x_wconf 87' lang='lat' dir='ltr'><strong>omnes,</strong></span> <span class='ocrx_word' id='word_1_93' title='bbox 775 1639 829 1722; x_wconf 89' lang='lat' dir='ltr'><strong>qui</strong></span> <span class='ocrx_word' id='word_1_94' title='bbox 850 1637 926 1701; x_wconf 90' lang='lat' dir='ltr'><strong>mihi</strong></span> <span class='ocrx_word' id='word_1_95' title='bbox 942 1634 1171 1720; x_wconf 75' lang='lat' dir='ltr'><strong>ingratitudinis</strong></span> 
     </span>
     <span class='ocr_line' id='line_1_14' title="bbox 200 1742 1063 1829; baseline 0 -23"><span class='ocrx_word' id='word_1_96' title='bbox 200 1745 316 1807; x_wconf 89' lang='lat' dir='ltr'><strong>crimen</strong></span> <span class='ocrx_word' id='word_1_97' title='bbox 335 1748 510 1829; x_wconf 81' lang='lat' dir='ltr'><strong>impingent</strong></span> <span class='ocrx_word' id='word_1_98' title='bbox 531 1748 603 1810; x_wconf 87' lang='lat' dir='ltr'><strong>Mox</strong></span> <span class='ocrx_word' id='word_1_99' title='bbox 622 1746 731 1809; x_wconf 84' lang='lat' dir='ltr'><strong>Lamb.</strong></span> <span class='ocrx_word' id='word_1_100' title='bbox 753 1745 897 1820; x_wconf 70' lang='lat' dir='ltr'><strong>lltyxtlnv</strong></span> <span class='ocrx_word' id='word_1_101' title='bbox 915 1742 1063 1806; x_wconf 65' lang='grc' dir='ltr'>ἀναθήσει·</span> 
     </span>
    </p>

    <p class='ocr_par' dir='ltr' id='par_1_5' title="bbox 158 1847 1169 2044">
     <span class='ocr_line' id='line_1_15' title="bbox 158 1847 1169 1938; baseline 0 -27"><span class='ocrx_word' id='word_1_102' title='bbox 158 1853 198 1912; x_wconf 82' lang='lat'><strong>23</strong></span> <span class='ocrx_word' id='word_1_103' title='bbox 220 1851 369 1914; x_wconf 81' lang='lat' dir='ltr'><strong>Graevius</strong></span> <span class='ocrx_word' id='word_1_104' title='bbox 389 1874 425 1915; x_wconf 85' lang='lat' dir='ltr'><strong>ex</strong></span> <span class='ocrx_word' id='word_1_105' title='bbox 445 1853 520 1916; x_wconf 87' lang='lat' dir='ltr'><strong>Ball.</strong></span> <span class='ocrx_word' id='word_1_106' title='bbox 546 1875 629 1936; x_wconf 79' lang='lat' dir='ltr'><strong>ergo,</strong></span> <span class='ocrx_word' id='word_1_107' title='bbox 650 1854 734 1938; x_wconf 91' lang='lat' dir='ltr'><strong>quod</strong></span> <span class='ocrx_word' id='word_1_108' title='bbox 755 1852 845 1917; x_wconf 77' lang='lat' dir='ltr'><strong>Amb.</strong></span> <span class='ocrx_word' id='word_1_109' title='bbox 870 1851 906 1914; x_wconf 83' lang='lat'><strong>16</strong></span> <span class='ocrx_word' id='word_1_110' title='bbox 926 1862 957 1916; x_wconf 89' lang='lat' dir='ltr'><strong>et</strong></span> <span class='ocrx_word' id='word_1_111' title='bbox 976 1850 1024 1915; x_wconf 87' lang='lat' dir='ltr'><strong>ed.</strong></span> <span class='ocrx_word' id='word_1_112' title='bbox 1037 1851 1094 1915; x_wconf 84' lang='lat' dir='ltr'><strong>Ro.</strong></span> <span class='ocrx_word' id='word_1_113' title='bbox 1113 1847 1169 1912; x_wconf 89' lang='lat' dir='ltr'><strong>ha·</strong></span> 
     </span>
     <span class='ocr_line' id='line_1_16' title="bbox 198 1957 706 2044; baseline 0.008 -24"><span class='ocrx_word' id='word_1_114' title='bbox 198 1957 290 2034; x_wconf 88' lang='lat' dir='ltr'><strong>bent,</strong></span> <span class='ocrx_word' id='word_1_115' title='bbox 310 1969 341 2021; x_wconf 90' lang='lat' dir='ltr'><strong>et</strong></span> <span class='ocrx_word' id='word_1_116' title='bbox 360 1971 517 2044; x_wconf 86' lang='lat' dir='ltr'><strong>receptum</strong></span> <span class='ocrx_word' id='word_1_117' title='bbox 537 1963 632 2044; x_wconf 83' lang='lat' dir='ltr'><strong>vulgo</strong></span> <span class='ocrx_word' id='word_1_118' title='bbox 652 1973 706 2024; x_wconf 89' lang='lat' dir='ltr'><strong>est.</strong></span> 
     </span>
    </p>

    <p class='ocr_par' dir='ltr' id='par_1_6' title="bbox 156 2064 1171 2663">
     <span class='ocr_line' id='line_1_17' title="bbox 156 2064 1171 2152; baseline 0.002 -26"><span class='ocrx_word' id='word_1_119' title='bbox 156 2065 199 2144; x_wconf 70' lang='lat'><strong>24</strong></span> <span class='ocrx_word' id='word_1_120' title='bbox 219 2067 301 2144; x_wconf 84' lang='lat' dir='ltr'><strong>Quia</strong></span> <span class='ocrx_word' id='word_1_121' title='bbox 322 2067 473 2150; x_wconf 87' lang='lat' dir='ltr'><strong>profectus</strong></span> <span class='ocrx_word' id='word_1_122' title='bbox 494 2077 540 2130; x_wconf 89' lang='lat' dir='ltr'><strong>est</strong></span> <span class='ocrx_word' id='word_1_123' title='bbox 558 2078 629 2130; x_wconf 90' lang='lat' dir='ltr'><strong>ante</strong></span> <span class='ocrx_word' id='word_1_124' title='bbox 649 2071 682 2130; x_wconf 90' lang='lat' dir='ltr'><strong>in</strong></span> <span class='ocrx_word' id='word_1_125' title='bbox 700 2069 910 2152; x_wconf 86' lang='lat' dir='ltr'><strong>provinciam,</strong></span> <span class='ocrx_word' id='word_1_126' title='bbox 924 2087 1016 2151; x_wconf 85' lang='lat' dir='ltr'><strong>quarn</strong></span> <span class='ocrx_word' id='word_1_127' title='bbox 1031 2066 1074 2128; x_wconf 88' lang='grc' dir='ltr'><strong>Μ.</strong></span> <span class='ocrx_word' id='word_1_128' title='bbox 1087 2064 1171 2130; x_wconf 84' lang='lat' dir='ltr'><strong>Mar·</strong></span> 
     </span>
     <span class='ocr_line' id='line_1_18' title="bbox 196 2172 1171 2254; baseline -0.002 -20"><span class='ocrx_word' id='word_1_129' title='bbox 196 2172 291 2234; x_wconf 84' lang='lat' dir='ltr'><strong>cellas</strong></span> <span class='ocrx_word' id='word_1_130' title='bbox 305 2173 432 2235; x_wconf 80' lang='lat' dir='ltr'><strong>referret</strong></span> <span class='ocrx_word' id='word_1_131' title='bbox 454 2174 506 2254; x_wconf 79' lang='lat' dir='ltr'><strong>(A.</strong></span> <span class='ocrx_word' id='word_1_132' title='bbox 525 2174 564 2237; x_wconf 90' lang='lat' dir='ltr'><strong>V.</strong></span> <span class='ocrx_word' id='word_1_133' title='bbox 586 2172 619 2237; x_wconf 85' lang='lat' dir='ltr'><strong>C.</strong></span> <span class='ocrx_word' id='word_1_134' title='bbox 638 2173 767 2254; x_wconf 84' lang='lat' dir='ltr'>DCClI)</span> <span class='ocrx_word' id='word_1_135' title='bbox 790 2174 831 2236; x_wconf 88' lang='lat' dir='ltr'><strong>de</strong></span> <span class='ocrx_word' id='word_1_136' title='bbox 848 2176 1037 2236; x_wconf 86' lang='lat' dir='ltr'><strong>successione</strong></span> <span class='ocrx_word' id='word_1_137' title='bbox 1051 2172 1171 2234; x_wconf 89' lang='lat' dir='ltr'><strong>Gallia·</strong></span> 
     </span>
     <span class='ocr_line' id='line_1_19' title="bbox 196 2277 1170 2366; baseline 0.001 -27"><span class='ocrx_word' id='word_1_138' title='bbox 196 2299 269 2339; x_wconf 89' lang='lat' dir='ltr'><strong>rum</strong></span> <span class='ocrx_word' id='word_1_139' title='bbox 293 2280 357 2363; x_wconf 88' lang='lat' dir='ltr'><strong>(ep.</strong></span> <span class='ocrx_word' id='word_1_140' title='bbox 379 2279 503 2354; x_wconf 84' lang='lat' dir='ltr'>CXCII,</span> <span class='ocrx_word' id='word_1_141' title='bbox 523 2282 578 2362; x_wconf 79' lang='lat' dir='ltr'><strong>a),</strong></span> <span class='ocrx_word' id='word_1_142' title='bbox 598 2292 630 2343; x_wconf 90' lang='lat' dir='ltr'><strong>et</strong></span> <span class='ocrx_word' id='word_1_143' title='bbox 649 2300 731 2343; x_wconf 85' lang='lat' dir='ltr'><strong>anno</strong></span> <span class='ocrx_word' id='word_1_144' title='bbox 757 2283 898 2366; x_wconf 84' lang='lat' dir='ltr'><strong>proximo</strong></span> <span class='ocrx_word' id='word_1_145' title='bbox 922 2281 1088 2362; x_wconf 89' lang='lat' dir='ltr'><strong>(nimirum</strong></span> <span class='ocrx_word' id='word_1_146' title='bbox 1108 2277 1170 2340; x_wconf 87' lang='lat' dir='ltr'><strong>hoc</strong></span> 
     </span>
     <span class='ocr_line' id='line_1_20' title="bbox 194 2385 1168 2472; baseline 0.003 -26"><span class='ocrx_word' id='word_1_147' title='bbox 194 2386 300 2470; x_wconf 85' lang='lat' dir='ltr'><strong>ipso),</strong></span> <span class='ocrx_word' id='word_1_148' title='bbox 322 2385 444 2448; x_wconf 90' lang='lat' dir='ltr'><strong>consule</strong></span> <span class='ocrx_word' id='word_1_149' title='bbox 465 2385 498 2449; x_wconf 87' lang='lat' dir='ltr'><strong>C.</strong></span> <span class='ocrx_word' id='word_1_150' title='bbox 517 2387 680 2462; x_wconf 85' lang='lat' dir='ltr'><strong>Marcello,</strong></span> <span class='ocrx_word' id='word_1_151' title='bbox 699 2389 737 2450; x_wconf 93' lang='lat' dir='ltr'><strong>de</strong></span> <span class='ocrx_word' id='word_1_152' title='bbox 757 2391 915 2472; x_wconf 79' lang='lat' dir='ltr'><strong>pruvincia</strong></span> <span class='ocrx_word' id='word_1_153' title='bbox 936 2387 1103 2459; x_wconf 83' lang='lat' dir='ltr'><strong>decedens,</strong></span> <span class='ocrx_word' id='word_1_154' title='bbox 1122 2395 1168 2449; x_wconf 81' lang='lat' dir='ltr'><strong>ta-</strong></span> 
     </span>
     <span class='ocr_line' id='line_1_21' title="bbox 193 2492 1169 2578; baseline 0.001 -24"><span class='ocrx_word' id='word_1_155' title='bbox 193 2512 269 2554; x_wconf 89' lang='lat' dir='ltr'><strong>men</strong></span> <span class='ocrx_word' id='word_1_156' title='bbox 289 2492 329 2554; x_wconf 94' lang='lat' dir='ltr'><strong>ad</strong></span> <span class='ocrx_word' id='word_1_157' title='bbox 348 2493 457 2557; x_wconf 88' lang='lat' dir='ltr'><strong>urbem</strong></span> <span class='ocrx_word' id='word_1_158' title='bbox 476 2515 539 2559; x_wconf 92' lang='lat' dir='ltr'><strong>nou</strong></span> <span class='ocrx_word' id='word_1_159' title='bbox 559 2497 713 2578; x_wconf 88' lang='lat' dir='ltr'><strong>pervenit,</strong></span> <span class='ocrx_word' id='word_1_160' title='bbox 732 2496 830 2558; x_wconf 90' lang='lat' dir='ltr'><strong>tribus</strong></span> <span class='ocrx_word' id='word_1_161' title='bbox 844 2495 1000 2560; x_wconf 87' lang='lat' dir='ltr'><strong>mensibus</strong></span> <span class='ocrx_word' id='word_1_162' title='bbox 1013 2498 1046 2559; x_wconf 88' lang='lat' dir='ltr'><strong>in</strong></span> <span class='ocrx_word' id='word_1_163' title='bbox 1060 2495 1169 2557; x_wconf 90' lang='lat' dir='ltr'><strong>itinere</strong></span> 
     </span>
     <span class='ocr_line' id='line_1_22' title="bbox 196 2601 1010 2663; baseline 0.007 -3"><span class='ocrx_word' id='word_1_164' title='bbox 196 2602 372 2661; x_wconf 85' lang='lat' dir='ltr'><strong>consumtis.</strong></span> <span class='ocrx_word' id='word_1_165' title='bbox 394 2601 513 2663; x_wconf 73' lang='lat' dir='ltr'><strong>Manui.</strong></span> <span class='ocrx_word' id='word_1_166' title='bbox 1007 2614 1010 2621; x_wconf 89' lang='lat'>&#39;</span> 
     </span>
    </p>

    <p class='ocr_par' dir='ltr' id='par_1_7' title="bbox 153 2704 1168 3216">
     <span class='ocr_line' id='line_1_23' title="bbox 153 2704 1164 2791; baseline 0 -24"><span class='ocrx_word' id='word_1_167' title='bbox 153 2704 196 2768; x_wconf 78' lang='lat'><strong>25</strong></span> <span class='ocrx_word' id='word_1_168' title='bbox 217 2707 324 2789; x_wconf 86' lang='lat' dir='ltr'><strong>ltaque</strong></span> <span class='ocrx_word' id='word_1_169' title='bbox 344 2710 540 2782; x_wconf 84' lang='lat' dir='ltr'><strong>sinamus,ut</strong></span> <span class='ocrx_word' id='word_1_170' title='bbox 552 2711 671 2791; x_wconf 86' lang='lat' dir='ltr'><strong>primus</strong></span> <span class='ocrx_word' id='word_1_171' title='bbox 691 2710 870 2771; x_wconf 88' lang='lat' dir='ltr'><strong>seutentiam</strong></span> <span class='ocrx_word' id='word_1_172' title='bbox 890 2728 977 2769; x_wconf 86' lang='lat' dir='ltr'><strong>sunm</strong></span> <span class='ocrx_word' id='word_1_173' title='bbox 990 2705 1073 2768; x_wconf 87' lang='lat' dir='ltr'><strong>dicat</strong></span> <span class='ocrx_word' id='word_1_174' title='bbox 1086 2704 1164 2768; x_wconf 80' lang='lat' dir='ltr'><strong>stul·</strong></span> 
     </span>
     <span class='ocr_line' id='line_1_24' title="bbox 194 2810 1167 2898; baseline -0.002 -23"><span class='ocrx_word' id='word_1_175' title='bbox 194 2822 246 2875; x_wconf 84' lang='lat' dir='ltr'><strong>tus</strong></span> <span class='ocrx_word' id='word_1_176' title='bbox 267 2814 392 2897; x_wconf 85' lang='lat' dir='ltr'><strong>aliquis,</strong></span> <span class='ocrx_word' id='word_1_177' title='bbox 411 2817 435 2875; x_wconf 90' lang='lat' dir='ltr'><strong>si</strong></span> <span class='ocrx_word' id='word_1_178' title='bbox 458 2817 525 2898; x_wconf 91' lang='lat' dir='ltr'><strong>quis</strong></span> <span class='ocrx_word' id='word_1_179' title='bbox 545 2826 590 2877; x_wconf 91' lang='lat' dir='ltr'><strong>est</strong></span> <span class='ocrx_word' id='word_1_180' title='bbox 610 2819 642 2876; x_wconf 94' lang='lat' dir='ltr'><strong>in</strong></span> <span class='ocrx_word' id='word_1_181' title='bbox 663 2827 778 2878; x_wconf 89' lang='lat' dir='ltr'><strong>senatu.</strong></span> <span class='ocrx_word' id='word_1_182' title='bbox 801 2817 926 2889; x_wconf 88' lang='lat' dir='ltr'><strong>Cicero,</strong></span> <span class='ocrx_word' id='word_1_183' title='bbox 948 2815 1001 2898; x_wconf 85' lang='lat' dir='ltr'><strong>qut</strong></span> <span class='ocrx_word' id='word_1_184' title='bbox 1022 2811 1098 2897; x_wconf 87' lang='lat' dir='ltr'><strong>quid</strong></span> <span class='ocrx_word' id='word_1_185' title='bbox 1117 2810 1167 2874; x_wconf 94' lang='lat' dir='ltr'><strong>di-</strong></span> 
     </span>
     <span class='ocr_line' id='line_1_25' title="bbox 194 2918 1159 3006; baseline 0 -26"><span class='ocrx_word' id='word_1_186' title='bbox 194 2929 301 2980; x_wconf 86' lang='lat' dir='ltr'><strong>cturus</strong></span> <span class='ocrx_word' id='word_1_187' title='bbox 322 2930 413 2994; x_wconf 86' lang='lat' dir='ltr'><strong>esset,</strong></span> <span class='ocrx_word' id='word_1_188' title='bbox 432 2931 468 2982; x_wconf 92' lang='lat' dir='ltr'><strong>ut</strong></span> <span class='ocrx_word' id='word_1_189' title='bbox 485 2942 585 3004; x_wconf 91' lang='lat' dir='ltr'><strong>neque</strong></span> <span class='ocrx_word' id='word_1_190' title='bbox 606 2921 765 2984; x_wconf 86' lang='lat' dir='ltr'><strong>Caesarem</strong></span> <span class='ocrx_word' id='word_1_191' title='bbox 786 2943 886 3006; x_wconf 84' lang='lat' dir='ltr'><strong>neque</strong></span> <span class='ocrx_word' id='word_1_192' title='bbox 905 2921 1090 3004; x_wconf 86' lang='lat' dir='ltr'><strong>Pompeium</strong></span> <span class='ocrx_word' id='word_1_193' title='bbox 1110 2918 1159 2981; x_wconf 82' lang='lat' dir='ltr'><strong>ol·</strong></span> 
     </span>
     <span class='ocr_line' id='line_1_26' title="bbox 193 3025 1168 3114; baseline 0.003 -29"><span class='ocrx_word' id='word_1_194' title='bbox 193 3025 347 3100; x_wconf 69' lang='lat' dir='ltr'><strong>tenderet,</strong></span> <span class='ocrx_word' id='word_1_195' title='bbox 372 3027 539 3102; x_wconf 88' lang='lat' dir='ltr'><strong>nesciebat,</strong></span> <span class='ocrx_word' id='word_1_196' title='bbox 565 3030 665 3091; x_wconf 87' lang='lat' dir='ltr'><strong>iocose</strong></span> <span class='ocrx_word' id='word_1_197' title='bbox 690 3030 811 3091; x_wconf 80' lang='lat' dir='ltr'><strong>stultum</strong></span> <span class='ocrx_word' id='word_1_198' title='bbox 839 3028 1030 3114; x_wconf 89' lang='lat' dir='ltr'><strong>appellabat,</strong></span> <span class='ocrx_word' id='word_1_199' title='bbox 1059 3028 1115 3111; x_wconf 89' lang='lat' dir='ltr'><strong>qui</strong></span> <span class='ocrx_word' id='word_1_200' title='bbox 1136 3047 1168 3088; x_wconf 86' lang='lat' dir='ltr'><strong>se</strong></span> 
     </span>
     <span class='ocr_line' id='line_1_27' title="bbox 194 3130 987 3216; baseline 0.011 -24"><span class='ocrx_word' id='word_1_201' title='bbox 194 3130 320 3194; x_wconf 86' lang='lat' dir='ltr'><strong>absente</strong></span> <span class='ocrx_word' id='word_1_202' title='bbox 338 3135 457 3216; x_wconf 90' lang='lat' dir='ltr'><strong>primus</strong></span> <span class='ocrx_word' id='word_1_203' title='bbox 477 3135 510 3196; x_wconf 93' lang='lat' dir='ltr'><strong>in</strong></span> <span class='ocrx_word' id='word_1_204' title='bbox 529 3146 636 3198; x_wconf 88' lang='lat' dir='ltr'><strong>senatu</strong></span> <span class='ocrx_word' id='word_1_205' title='bbox 656 3139 834 3200; x_wconf 87' lang='lat' dir='ltr'><strong>senteutiam</strong></span> <span class='ocrx_word' id='word_1_206' title='bbox 856 3136 987 3202; x_wconf 78' lang='lat' dir='ltr'><strong>dixisset.</strong></span> 
     </span>
    </p>

    <p class='ocr_par' dir='ltr' id='par_1_8' title="bbox 152 3236 1215 3728">
     <span class='ocr_line' id='line_1_28' title="bbox 152 3236 1163 3327; baseline 0.001 -28"><span class='ocrx_word' id='word_1_207' title='bbox 152 3236 195 3300; x_wconf 81' lang='lat'><strong>26</strong></span> <span class='ocrx_word' id='word_1_208' title='bbox 215 3238 371 3302; x_wconf 83' lang='lat' dir='ltr'><strong>Ridendus</strong></span> <span class='ocrx_word' id='word_1_209' title='bbox 391 3250 472 3302; x_wconf 87' lang='lat' dir='ltr'><strong>certe</strong></span> <span class='ocrx_word' id='word_1_210' title='bbox 493 3241 615 3316; x_wconf 92' lang='lat' dir='ltr'><strong>Cicero,</strong></span> <span class='ocrx_word' id='word_1_211' title='bbox 635 3245 689 3327; x_wconf 89' lang='lat' dir='ltr'><strong>qui</strong></span> <span class='ocrx_word' id='word_1_212' title='bbox 709 3254 797 3327; x_wconf 87' lang='lat' dir='ltr'><strong>post,</strong></span> <span class='ocrx_word' id='word_1_213' title='bbox 816 3264 910 3327; x_wconf 86' lang='lat' dir='ltr'><strong>quam</strong></span> <span class='ocrx_word' id='word_1_214' title='bbox 930 3242 972 3305; x_wconf 87' lang='lat' dir='ltr'><strong>ad</strong></span> <span class='ocrx_word' id='word_1_215' title='bbox 991 3243 1163 3308; x_wconf 85' lang='lat' dir='ltr'><strong>satietatem</strong></span> 
     </span>
     <span class='ocr_line' id='line_1_29' title="bbox 193 3344 1166 3433; baseline 0.003 -27"><span class='ocrx_word' id='word_1_216' title='bbox 193 3344 369 3418; x_wconf 84' lang='lat' dir='ltr'><strong>inculcarit,</strong></span> <span class='ocrx_word' id='word_1_217' title='bbox 383 3368 415 3408; x_wconf 90' lang='lat' dir='ltr'><strong>se</strong></span> <span class='ocrx_word' id='word_1_218' title='bbox 427 3347 624 3411; x_wconf 85' lang='lat' dir='ltr'><strong>insulsitatem</strong></span> <span class='ocrx_word' id='word_1_219' title='bbox 646 3353 822 3433; x_wconf 84' lang='lat' dir='ltr'><strong>provinciae</strong></span> <span class='ocrx_word' id='word_1_220' title='bbox 835 3353 885 3416; x_wconf 82' lang='lat' dir='ltr'><strong>vix</strong></span> <span class='ocrx_word' id='word_1_221' title='bbox 906 3351 990 3417; x_wconf 58' lang='lat' dir='ltr'><strong>ferre.</strong></span> <span class='ocrx_word' id='word_1_222' title='bbox 998 3369 1103 3433; x_wconf 84' lang='lat' dir='ltr'><strong>posse,</strong></span> <span class='ocrx_word' id='word_1_223' title='bbox 1116 3368 1166 3409; x_wconf 87' lang='lat' dir='ltr'><strong>ro·</strong></span> 
     </span>
     <span class='ocr_line' id='line_1_30' title="bbox 193 3453 1169 3541; baseline 0.001 -29"><span class='ocrx_word' id='word_1_224' title='bbox 193 3453 337 3536; x_wconf 79' lang='lat' dir='ltr'><strong>geritque</strong></span> <span class='ocrx_word' id='word_1_225' title='bbox 357 3455 488 3527; x_wconf 86' lang='lat' dir='ltr'><strong>amicos,</strong></span> <span class='ocrx_word' id='word_1_226' title='bbox 501 3477 539 3516; x_wconf 89' lang='lat' dir='ltr'><strong>ne</strong></span> <span class='ocrx_word' id='word_1_227' title='bbox 553 3456 628 3539; x_wconf 92' lang='lat' dir='ltr'><strong>quid</strong></span> <span class='ocrx_word' id='word_1_228' title='bbox 642 3459 670 3518; x_wconf 92' lang='lat' dir='ltr'><strong>ei</strong></span> <span class='ocrx_word' id='word_1_229' title='bbox 683 3459 829 3541; x_wconf 88' lang='lat' dir='ltr'><strong>temporis</strong></span> <span class='ocrx_word' id='word_1_230' title='bbox 842 3457 1003 3541; x_wconf 81' lang='lat' dir='ltr'><strong>prorogari</strong></span> <span class='ocrx_word' id='word_1_231' title='bbox 1016 3457 1169 3526; x_wconf 79' lang='lat' dir='ltr'><strong>sinerent,</strong></span> 
     </span>
     <span class='ocr_line' id='line_1_31' title="bbox 191 3559 1165 3645; baseline 0.006 -26"><span class='ocrx_word' id='word_1_232' title='bbox 191 3560 385 3645; x_wconf 81' lang='lat' dir='ltr'><strong>provinciam</strong></span> <span class='ocrx_word' id='word_1_233' title='bbox 405 3559 571 3637; x_wconf 86' lang='lat' dir='ltr'><strong>desideret,</strong></span> <span class='ocrx_word' id='word_1_234' title='bbox 590 3565 659 3638; x_wconf 86' lang='lat' dir='ltr'><strong>atsi,</strong></span> <span class='ocrx_word' id='word_1_235' title='bbox 672 3574 708 3625; x_wconf 93' lang='lat' dir='ltr'><strong>ut</strong></span> <span class='ocrx_word' id='word_1_236' title='bbox 721 3564 800 3626; x_wconf 87' lang='lat' dir='ltr'><strong>infra</strong></span> <span class='ocrx_word' id='word_1_237' title='bbox 820 3565 900 3627; x_wconf 90' lang='lat' dir='ltr'><strong>idem</strong></span> <span class='ocrx_word' id='word_1_238' title='bbox 919 3564 1026 3631; x_wconf 79' lang='lat' dir='ltr'><strong>Cicero</strong></span> <span class='ocrx_word' id='word_1_239' title='bbox 1040 3561 1165 3634; x_wconf 75' lang='lat' dir='ltr'><strong>fatetur.</strong></span> 
     </span>
     <span class='ocr_line' id='line_1_32' title="bbox 192 3651 1215 3728; baseline 0 -1"><span class='ocrx_word' id='word_1_240' title='bbox 192 3666 238 3727; x_wconf 82' lang='lat' dir='ltr'><strong>nil</strong></span> <span class='ocrx_word' id='word_1_241' title='bbox 257 3687 294 3728; x_wconf 89' lang='lat' dir='ltr'><strong>ea</strong></span> <span class='ocrx_word' id='word_1_242' title='bbox 313 3667 453 3728; x_wconf 76' lang='lat' dir='ltr'><strong>miserius.</strong></span> <span class='ocrx_word' id='word_1_243' title='bbox 1071 3685 1073 3692; x_wconf 90' lang='lat'>·</span> <span class='ocrx_word' id='word_1_244' title='bbox 1213 3651 1215 3655; x_wconf 8' lang='grc' dir='ltr'><em>Α</em></span> 
     </span>
    </p>
   </div>
   <div class='ocr_carea' id='block_1_3' title="bbox 148 3774 1171 3972">
    <p class='ocr_par' dir='ltr' id='par_1_9' title="bbox 148 3774 1171 3972">
     <span class='ocr_line' id='line_1_33' title="bbox 148 3774 1171 3858; baseline 0.002 -24"><span class='ocrx_word' id='word_1_245' title='bbox 148 3795 189 3858; x_wconf 81' lang='lat'><strong>²7</strong></span> <span class='ocrx_word' id='word_1_246' title='bbox 213 3774 284 3834; x_wconf 89' lang='lat' dir='ltr'><strong>Non</strong></span> <span class='ocrx_word' id='word_1_247' title='bbox 304 3774 438 3857; x_wconf 84' lang='lat' dir='ltr'><strong>intelligo</strong></span> <span class='ocrx_word' id='word_1_248' title='bbox 459 3775 533 3856; x_wconf 89' lang='lat' dir='ltr'><strong>quid</strong></span> <span class='ocrx_word' id='word_1_249' title='bbox 553 3778 596 3837; x_wconf 90' lang='lat' dir='ltr'><strong>rei</strong></span> <span class='ocrx_word' id='word_1_250' title='bbox 617 3776 669 3839; x_wconf 90' lang='lat' dir='ltr'><strong>hic</strong></span> <span class='ocrx_word' id='word_1_251' title='bbox 688 3778 801 3845; x_wconf 86' lang='lat' dir='ltr'><strong>haheat</strong></span> <span class='ocrx_word' id='word_1_252' title='bbox 820 3779 924 3855; x_wconf 67' lang='lat' dir='ltr'><strong>etrum</strong></span> <span class='ocrx_word' id='word_1_253' title='bbox 945 3776 1050 3840; x_wconf 89' lang='lat' dir='ltr'><strong>malim</strong></span> <span class='ocrx_word' id='word_1_254' title='bbox 1073 3775 1171 3842; x_wconf 64' lang='lat' dir='ltr'><strong>etiam&gt;</strong></span> 
     </span>
     <span class='ocr_line' id='line_1_34' title="bbox 190 3881 1163 3972; baseline 0.004 -25"><span class='ocrx_word' id='word_1_255' title='bbox 190 3894 224 3947; x_wconf 82' lang='lat' dir='ltr'><strong>tu</strong></span> <span class='ocrx_word' id='word_1_256' title='bbox 238 3882 295 3947; x_wconf 76' lang='lat' dir='ltr'><strong>tuis</strong></span> <span class='ocrx_word' id='word_1_257' title='bbox 309 3881 405 3945; x_wconf 71' lang='lat' dir='ltr'><strong>litera.</strong></span> <span class='ocrx_word' id='word_1_258' title='bbox 424 3881 488 3946; x_wconf 83' lang='lat' dir='ltr'><strong>Illa</strong></span> <span class='ocrx_word' id='word_1_259' title='bbox 497 3884 613 3965; x_wconf 67' lang='lat' dir='ltr'><strong>paam,</strong></span> <span class='ocrx_word' id='word_1_260' title='bbox 634 3898 718 3962; x_wconf 87' lang='lat' dir='ltr'><strong>sunt,</strong></span> <span class='ocrx_word' id='word_1_261' title='bbox 739 3910 816 3972; x_wconf 84' lang='lat' dir='ltr'><strong>quae</strong></span> <span class='ocrx_word' id='word_1_262' title='bbox 836 3888 944 3954; x_wconf 85' lang='lat' dir='ltr'><strong>Cicero</strong></span> <span class='ocrx_word' id='word_1_263' title='bbox 957 3887 990 3953; x_wconf 87' lang='lat' dir='ltr'><strong>iu</strong></span> <span class='ocrx_word' id='word_1_264' title='bbox 1003 3884 1163 3971; x_wconf 79' lang='lat' dir='ltr'><strong>provincia</strong></span> 
     </span>
    </p>
   </div>
   <div class='ocr_carea' id='block_1_4' title="bbox 0 0 1318 4854">
    <p class='ocr_par' dir='ltr' id='par_1_10' title="bbox 0 0 1318 4854">
     <span class='ocr_line' id='line_1_35' title="bbox 0 0 1318 4854; baseline 0 4"><span class='ocrx_word' id='word_1_265' title='bbox 0 0 1318 4854; x_wconf 95' lang='lat' dir='ltr'><strong> </strong></span> 
     </span>
    </p>
   </div>
  </div>
 </body>
</html>
