2626 4854
158 321 225 416 198
446 332 618 383 ariston
643 332 859 382 cccxxxviii.
934 328 967 379 Α.
983 332 1018 381 v.
1035 333 1066 381 c.
1083 326 1145 395 qus·

152 442 329 538 forensia,
353 437 500 536 urbana,
525 435 775 537 provincialia:
808 434 845 506 in
871 459 908 508 re
934 435 1096 536 privata,
1119 436 1153 509 in

153 567 317 671 publica,
341 567 379 637 in
405 565 544 662 studiis,
568 565 606 637 in
630 562 738 636 literis
763 561 902 635 nostris.
919 562 1051 635 Omnia
1068 564 1155 636 vice·

151 695 216 793 ris,
241 695 287 793 si,
311 700 499 792 ut‘spero7
525 705 560 763 te
585 688 743 763 validum
759 686 891 761 videro.
914 690 993 785 Ego
1013 703 1104 789 puto
1120 704 1154 762 te

153 819 357 918 bellissime,
382 819 410 891 si
428 832 522 891 recte
540 818 624 915 erit,
639 842 721 889 cum
738 826 924 917 quaestore
941 815 1113 889 Mescinio
1127 830 1152 866 ¹¹

154 946 390 1020 decursurum.
415 945 498 1018 Non
522 943 734 1016 inhumanus
759 954 833 1036 est,
858 955 982 1043 teque,
1006 955 1049 1013 ut
1072 940 1154 1015 mihi

152 1074 247 1145 visus
273 1085 343 1169 est,
368 1070 491 1169 diligit.
517 1070 587 1143 Sed
606 1085 635 1120 ¹²
662 1096 770 1172 quum
796 1068 981 1142 valitudini
998 1082 1081 1142 tuae
1105 1069 1154 1142 di-

151 1197 377 1296 ligentissime
403 1195 635 1298 consulueris,
659 1209 755 1296 tum,
778 1197 828 1268 mi
852 1196 957 1295 Tiro,
981 1195 1153 1269 consulito

153 1324 377 1422 navigationi.
396 1322 502 1397 Nulla
518 1324 556 1409 in
572 1349 610 1397 re
625 1324 697 1395 iam
713 1334 749 1395 te
770 1321 933 1394 festinare
950 1320 1047 1395 volo.
1064 1321 1153 1396 Nihil

89 1506 97 1517 .
151 1449 299 1549 labora,
322 1448 391 1523 nisi
414 1462 456 1523 ut
480 1448 596 1524 salvus
621 1450 679 1523 sis.
713 1449 770 1523 Sic
794 1447 944 1547 habeto,
976 1449 1028 1520 mi
1052 1447 1152 1549 Tiro,

151 1577 328 1650 neminem
354 1603 446 1677 esse,
471 1578 532 1680 qui
556 1603 612 1650 me
638 1589 749 1677 amet,
773 1576 860 1678 quin
876 1575 971 1648 idem
993 1588 1029 1648 te
1047 1589 1150 1649 amat:

153 1716 190 1777 et
214 1729 323 1805 quum
348 1718 408 1777 tua
434 1717 470 1776 et
493 1729 573 1777 mea
598 1703 749 1776 maxime
785 1703 931 1775 interest
961 1713 998 1773 te
1026 1700 1151 1803 valere,

153 1845 230 1904 tum
246 1830 365 1904 multis
383 1845 436 1905 est
452 1856 566 1905 curae.
582 1829 728 1928 Adhuc,
753 1829 836 1902 dum
856 1827 944 1901 mihi
959 1827 1061 1902 nullo
1077 1806 1149 1902 loco

153 1957 273 2030 deesse
298 1960 369 2057 vis,
393 1984 586 2061 numquam
602 1972 639 2032 te
656 1959 863 2032 confirmare
879 1956 1039 2056 potuisti.
1056 1954 1148 2031 Nunc

152 2096 188 2155 te
212 2082 301 2156 nihil
332 2084 491 2185 impedit.
524 2085 653 2159 Omnia
687 2083 849 2185 depone,
881 2083 1025 2182 corpori
1059 2081 1146 2155 servi.

151 2208 331 2300 Quantam
356 2208 573 2309 diligentiam
597 2213 635 2284 in
660 2208 892 2284 valitudinem
917 2223 1017 2283 tuam
1035 2221 1144 2282 contu

149 2332 249 2435 leris,
272 2337 361 2409 tanti
385 2362 443 2409 me
468 2336 544 2410 lieri
570 2340 600 2389 ¹³
625 2336 801 2411 iudicabo.
835 2335 942 2435 Vale,
967 2336 1018 2408 mi
1048 2332 1144 2430 Tiro,

149 2459 245 2560 vale,
269 2461 364 2563 vale,
389 2477 425 2537 et
448 2463 554 2539 salve.
579 2467 693 2566 Lepta
722 2463 752 2532 ¹4
778 2463 842 2538 tibi
874 2462 1026 2538 salutem
1053 2460 1142 2555 dicit,

150 2601 187 2661 et
211 2613 342 2664 onmes.
367 2589 466 2665 Vale.
491 2591 562 2667 VH
586 2592 672 2665 Idus
697 2589 871 2666 Novemb.
895 2587 1071 2664 Leucade.

511 3096 781 3171 CCLXXXIX.
816 3196 819 3203 ι
873 3139 926 3197 (aa
943 3138 998 3184 utv.
1012 3132 1120 3194 xt'1,⁵)

151 3267 371 3345 Argumentum.
385 3272 504 3346 Scribit,
518 3296 549 3335 se
563 3274 712 3335 crebrasa
726 3277 841 3337 Tirone
857 3275 976 3335 deeius
990 3269 1137 3337 valitudine

192 3375 290 3436 literas
304 3391 490 3460 exspectare,
510 3393 555 3453 et,
575 3394 608 3443 ut
622 3405 688 3443 eam
703 3383 862 3463 diligenter
882 3395 984 3456 clarat,
1005 3381 1137 3441 hortatore
