2678 4860
505 341 678 391 urrsrom
704 344 813 392 ccum.
898 379 900 383 .
947 340 978 390 Α.
997 346 1029 390 v.
1048 345 1083 390 c..
1097 344 1144 404 503

280 536 282 541 ’
310 545 365 599 Ser.
382 542 523 598 Laodiceae
540 543 571 596 a„
593 543 628 597 V.
649 544 677 599 C.
695 543 803 597 nccut
814 580 821 610 ‚
840 560 926 597 meuse
943 544 1035 613 Aprili.

481 741 625 808 CICERO
650 741 801 806 utrlco
827 732 857 806 S.
897 768 901 776 ·

112 1005 115 1011 ·
220 984 234 1030 1
256 959 374 1050 Quum
385 956 604 1055 Philogenes,
619 955 766 1028 libertus
783 968 875 1055 tuoe,
891 954 1105 1029 Laodiceam
1123 956 1167 1029 ad
1205 997 1210 1064 '.

164 1110 242 1183 me,
266 1083 440 1156 salutandi
466 1109 588 1179 causa,
613 1083 783 1182 venisset,
809 1095 845 1154 et
862 1109 899 1154 se
917 1084 1035 1154 statim
1061 1083 1108 1155 ad
1134 1097 1167 1155 te

164 1210 407 1306 navigaturum
433 1234 510 1282 esse
538 1207 684 1280 diceret:
711 1207 775 1280 has
792 1208 825 1280 ei
841 1207 958 1282 literas
977 1207 1076 1306 dedi3
1094 1211 1168 1310 qui-

154 1334 229 1407 ·bus
257 1334 384 1407 adeas
409 1334 588 1433 rescripsi,
614 1359 701 1434 quas
726 1358 931 1433 acceperam
957 1360 977 1406 a
1002 1335 1103 1406 Bruti
1122 1349 1170 1407 ta·

163 1460 316 1533 bellaria.
344 1463 393 1532 Et
418 1459 642 1560 respondebo
676 1460 828 1559 primum
862 1474 1061 1560 postremae
1090 1474 1169 1533 tuae

163 1588 328 1686 paginae3
354 1587 555 1687 quaemihi
581 1612 728 1684 magnae
754 1585 933 1659 molestiae
959 1587 1045 1685 suit3
1075 1585 1171 1687 quod

165 1712 212 1811 ad
236 1727 271 1786 te
297 1712 469 1813 scriptum
495 1727 548 1785 est
575 1738 595 1783 a
621 1712 751 1785 Cincio.
771 1710 815 1785 de
840 1711 941 1784 Statii
966 1737 1128 1785 sermone
1143 1727 1171 1783 ¹:

163 1839 202 1910 in
227 1865 297 1941 quo
322 1839 392 1913 hoo
419 1839 706 1913 molestissimum
723 1852 794 1936 est,
819 1839 975 1911 Statium
991 1838 1126 1938 dicere,
1151 1865 1172 1912 a

162 1946 227 2039 me
245 1992 384 2067 quoque
410 1965 449 2039 id
467 1965 655 2039 consilium
672 1965 825 2065 probari.
841 1964 989 2054 Probari
1006 1963 1172 2037 autem²i

163 2091 208 2164 de
232 2093 300 2165 isto
326 2091 512 2166 haetenus(
533 2093 690 2167 Dixerim
714 2091 854 2166 merel
877 2091 1027 2192 plurima
1055 2092 1172 2166 vinclo

130 2299 132 2303 ¹
161 2231 280 2290 tecum
305 2243 461 2290 summae
488 2219 749 2292 coniunctionis
775 2231 912 2318 optare:
946 2219 1011 2290 etsi
1044 2232 1129 2290 suut
1157 2219 1172 2268 ³

163 2345 291 2416 amoris
317 2338 527 2419 arctissima:
562 2358 700 2417 tantum
729 2343 845 2443 abest,
876 2356 917 2417 ut
949 2369 1014 2442 ego
1040 2370 1166 2444 exeo,
1205 2410 1209 2416 .

162 2493 233 2569 quo
258 2451 415 2542 aflstricti
441 2497 578 2566 sumus,
609 2470 717 2543 laxari
744 2470 876 2572 aliquid
900 2468 1015 2544 velim.
1033 2469 1171 2543 Illuma

162 2608 279 2669 autem
303 2597 414 2687 multa
443 2597 486 2669 de
511 2598 586 2670 istis
615 2596 718 2670 rebus
747 2599 901 2697 asperius
927 2595 1037 2670 solere
1055 2595 1173 2697 loqui,

162 2747 266 2822 saepe
292 2749 368 2797 sum
395 2737 559 2823 expertus
569 2750 579 2822 3
605 2750 710 2824 saepe
728 2725 832 2796 etiam
849 2723 956 2795 leniri
973 2723 1110 2795 iratum.
1129 2722 1171 2794 Id

161 2849 248 2920 seire
274 2863 309 2922 te
336 2849 496 2922 arbitror.
511 2852 554 2922 In
571 2850 639 2921 hae
658 2863 773 2922 autem
791 2848 1088 2949 peregrinatione,
1104 2849 1170 2920 mi·

161 2972 280 3044 litiave
306 2988 427 3047 nostra
453 2977 485 3073 ⁵,
510 3001 614 3074 saepe
641 2976 822 3048 incensum
854 2977 905 3048 ira
938 2975 1028 3074 vidi,
1065 3000 1171 3075 saepe

160 3097 347 3198 placatum.
361 3099 457 3191 Quid
476 3100 523 3174 ad
539 3101 694 3174 Statium
711 3102 897 3202 scripserit,
913 3101 1042 3173 nescio.
1062 3101 1171 3191 Quie-

162 3226 247 3327 quid
272 3241 410 3300 aeturus
431 3231 447 3278 ⁶
473 3227 517 3300 de
543 3228 604 3300 tali
631 3256 668 3302 re
694 3228 774 3328 fuit,
799 3226 1023 3301 scribendum.
1047 3237 1169 3298 tamen

161 3351 208 3423 ad
231 3350 397 3426 libertum
416 3379 497 3427 nou
529 3354 603 3426 fuit
642 3353 731 3427 Mihi
765 3368 882 3426 autem
919 3352 984 3425 erit
1016 3352 1167 3423 maxime

161 3503 285 3577 curae,
309 3479 459 3581 nequid
484 3481 545 3552 fiat
564 3506 685 3579 secus,
713 3506 817 3581 quam
834 3478 997 3553 volumus
1008 3533 1019 3576 7
1048 3503 1169 3577 quam-

161 3631 235 3704 que.
246 3618 397 3704 oportet.
412 3604 486 3679 Nee
504 3606 587 3680 satis
605 3620 659 3679 est
676 3608 713 3679 iu
730 3604 901 3680 eiusmodi
920 3631 973 3704 re,
990 3631 1026 3676 se
1045 3631 1169 3706 quem-

162 3755 229 3830 que
254 3744 430 3829 praestare
445 3752 475 3804 7:
503 3733 674 3804 maximae
700 3746 818 3831 partes
844 3732 943 3804 istius
962 3730 1068 3803 officii
1086 3743 1171 3802 suut

161 3855 260 3952 pueri
286 3856 481 3956 Ciceronis7
506 3859 580 3933 sive
606 3860 677 3931 iam
695 3858 945 3932 adolescentis:
972 3855 1069 3957 quod
1096 3856 1177 3956 qui-
