2626 4854
263 336 336 412 350
531 373 538 386 ·
626 354 899 409 tunontutours

299 462 486 545 praedicavit
505 461 544 522 de
562 468 619 521 sua
639 479 825 543 suorumque
844 462 1017 543 integritate
1031 473 1061 522 et
1076 465 1272 524 continentia.

267 602 271 607 ·
300 571 373 632 Mox
394 570 460 632 Ald.
482 567 632 634 loturam
653 569 754 629 minus
775 578 855 651 apte.

262 678 300 741 28
321 680 400 739 Anni
421 683 571 750 sumtum,
592 678 645 758 qui
666 677 722 757 ipsi
743 674 881 739 decretus
895 697 914 737 a
927 685 1034 739 senatu
1053 687 1139 750 erat,
1154 675 1193 738 de
1207 698 1268 738 meo

300 786 382 846 dare.
413 784 528 845 Erm't
555 782 618 844 Pm
643 803 776 844 annuum
802 781 925 866 legebat
953 783 1144 873 aliquantum
1170 777 1266 848 Vrsini

284 894 425 953 'amicus

259 1021 299 1084 29
318 1001 423 1082 Vsque
443 999 519 1060 adeo
538 1003 648 1082 parcus
673 997 733 1070 fui,
753 1007 789 1059 ut
808 1018 847 1060 ex
867 1009 973 1061 sumtu
992 1019 1097 1059 annuo
1118 998 1197 1059 mihi
1218 998 1263 1059 de-

298 1105 381 1168 creto
401 1109 554 1189 potuerim
574 1117 606 1167 et
625 1103 784 1168 cohortem
804 1105 898 1179 alere,
917 1116 1118 1187 sumtumque
1133 1127 1263 1166 annuum

298 1216 465 1296 quaestori,
478 1225 516 1287 ut
527 1215 638 1275 minori
658 1215 864 1296 magistratui,
876 1213 1065 1296 relinquere,
1087 1223 1120 1275 et
1142 1211 1209 1273 H-s
1222 1233 1263 1272 ern

268 1355 272 1363 ·
297 1322 330 1380 in
349 1323 501 1382 aerenum
521 1322 649 1395 referre,
670 1333 762 1404 atque
783 1320 844 1382 hoc
864 1322 1033 1402 gloriosum
1055 1322 1175 1404 putavi.
1199 1319 1261 1381 Cor-

265 1465 270 1474 ·
297 1426 396 1489 rudus.
424 1427 583 1501 sestertios
609 1429 709 1503 mille,
729 1428 789 1490 hoc
817 1440 863 1490 est
882 1428 923 1489 25
942 1427 1125 1511 Philippeos
1147 1426 1262 1489 Cicero-

295 1556 366 1595 nem
386 1537 419 1595 in
443 1537 597 1596 aerarium
625 1536 761 1598 retulisse
787 1556 877 1597 nemo
905 1534 1008 1596 eredit
1032 1534 1122 1594 Mille
1142 1536 1263 1595 sestertiis

265 1676 269 1683 -
283 1650 412 1703 'vetares
431 1662 493 1703 non
508 1643 666 1717 dixerunt,
679 1644 732 1705 sed
747 1664 804 1725 pro
817 1643 880 1705 hoe
890 1641 987 1704 ἀεσίοε
999 1643 1168 1705 asomum
1181 1661 1264 1701 usur·

295 1747 426 1831 pabant',
446 1760 481 1810 ut
501 1760 582 1811 recte
602 1748 707 1811 docuit
726 1768 866 1811 summus
892 1752 941 1810 vir
967 1751 1011 1810 lo.
1028 1747 1129 1809 'Frid
1151 1748 1265 1809 Grono-

282 1848 363 1916 uius
383 1854 556 1918 detestare
581 1858 674 1930 11,2.
696 1857 776 1918 Hinc
803 1869 834 1918 et
857 1855 918 1921 hic,
935 1855 1102 1939 legendum
1129 1856 1264 1918 existimo

295 1961 374 2022 H-S
389 1962 434 2035 X,
455 1962 539 2044 quod
559 1985 655 2046 aeque
676 1963 726 2025 hic
746 1963 942 2045 degeneravit
961 1966 993 2025 in
1013 1961 1145 2027 H-S-ao
1162 2005 1173 2036 ,
1190 1972 1225 2023 ut
1236 1963 1262 2020 in

284 2065 355 2128 alio
376 2068 444 2130 loco
468 2090 504 2132 ex
524 2071 681 2143 Verrinis,
709 2092 802 2154 quem
821 2070 900 2139 ibib
918 2069 990 2125 πάνυ
1012 2081 1097 2132 recte
1119 2069 1264 2132 emendat.

298 2172 450 2236 Graevius.
470 2176 529 2238 Ed·
548 2178 605 2239 Ro.
619 2177 777 2260 explanate
797 2177 841 2240 ad
858 2179 989 2253 sestertiis
1005 2179 1096 2239 mille.
1119 2173 1264 2239 Graevius

295 2293 397 2343 autem
411 2286 535 2366 corrigit
548 2285 628 2344 Iit-S
639 2284 675 2346 X
688 2286 802 2348 Placet.
817 2285 978 2347 Ernestius.
998 2286 1131 2371 Recepit
1148 2284 1265 2347 Schiitz.

256 2390 295 2449 3ο
315 2389 480 2471 Eleganter
499 2394 683 2454 conscientia
704 2405 785 2456 recte
804 2393 970 2466 factorum,
991 2393 1080 2476 quod
1102 2403 1166 2467 est,
1187 2395 1264 2453 utin

295 2497 384 2556 Tusa.
407 2496 510 2570 11‚26
530 2501 587 2572 ait,
614 2499 769 2563 theatrum
790 2503 909 2564 virtutis
939 2505 1081 2562 omnium
1116 2503 1263 2584 optimum

296 2615 325 2664 et
345 2608 521 2666 maximum.
543 2608 660 2669 Ernest.

256 2713 289 2770 31
317 2713 409 2786 ldest,
431 2715 522 2787 Cato,
544 2719 596 2797 qui
616 2716 684 2797 plus
705 2717 852 2790 decrevit,
873 2718 1265 2799 quamceter13quiasen·

293 2822 389 2887 tentia
407 2841 462 2880 sua
482 2822 599 2883 dixerat
618 2823 871 2905 'supplicationem
892 2832 955 2885 esse
976 2822 1159 2885 inferiorem
1174 2825 1262 2905 digni·

292 2936 354 2984 tate
375 2928 537 2989 Ciceronis.
559 2930 637 2992 Vide
659 2951 705 3012 ep.
728 2931 896 3003 CCLXVI,
917 2951 1009 3012 quam
1024 2951 1099 2991 mox
1114 2931 1260 2992 iucundis·

294 3034 401 3092 simam
421 3046 520 3095 vocat.
541 3035 657 3098 Ernest.
678 3039 750 3098 Mox
771 3038 866 3099 Aldus
885 3037 1056 3098 desevisset
1078 3041 1245 3124 triumphos.

254 3138 291 3196 32
314 3138 453 3213 Scilicet,
482 3141 566 3222 quod
595 3155 683 3225 putat
704 3166 753 3205 me
774 3167 792 3205 a
813 3146 927 3206 Catone
953 3145 1175 3207 abalienatum
1193 3166 1258 3214 esse,

293 3244 376 3325 quod
396 3267 458 3306 non
478 3247 646 3312 decreverit
666 3253 927 3335 supplicationem.
949 3253 1068 3314 Emest.
1099 3255 1177 3316 Mox
1198 3248 1257 3336 quid

286 3357 516 3429 ·-sentcntiae‚
537 3378 629 3440 quam
643 3357 845 3423 honorificam
866 3364 897 3422 in
918 3382 967 3422 me
986 3364 1175 3423 seutentiam
1190 3362 1249 3421 Cato
1303 3358 1305 3365 '

280 3458 426 3521 'dixerit.³

252 3565 290 3626 33
312 3563 473 3631 Adiutores
492 3570 532 3631 ad
554 3572 681 3635 Hirrum
703 3575 895 3658 placandum.
916 3575 998 3637 Infra
1016 3575 1189 3638 Lambinus
1205 3593 1241 3650 ego

291 3694 350 3735 mm
372 3689 471 3738 antea.

252 3779 291 3854 34
312 3784 485 3860 Quominus
505 3787 580 3849 mihi
603 3790 815 3853 decerneretur
836 3791 1026 3874 supplicatio.

253 3882 293 3943 35
312 3887 486 3985 Philotimo.
507 3897 578 3958 Mox
600 3898 767 3963 Lambinus
788 3919 883 3962 inertes
902 3910 946 3960 est
967 3908 1098 3981 φυράτης.
