2626 4854
162 347 233 445 278
523 358 793 411 Aaronlrrouns

163 488 212 528 rar
237 465 317 527 ldeat
336 474 496 526 contemno
516 474 628 524 statuas
639 464 705 523 aliis
719 464 792 525 viris
804 461 931 534 dicatas,
952 463 1081 546 quibus,
1093 487 1159 529 mu.

197 585 261 636 tato
281 573 420 644 nomine,
438 590 541 632 meum
560 569 751 631 inscribatur.
764 569 945 631 Plutarchus
960 574 992 631 in
1006 573 1160 636 alcibiade

197 681 273 741 duas
293 688 443 741 memorat
463 688 575 739 sutuas
595 676 744 738 colosscas
757 677 848 738 Attali
868 687 899 739 et
918 677 1082 752 Eumenis,
1096 683 1160 763 qui-

195 787 254 847 bus
274 787 396 848 Antonii
416 804 527 847 nomen
544 784 771 846 Atheniensium
791 786 875 846 irusu
894 786 1077 868 inscriptum
1096 787 1159 848 fuit.

195 894 353 955 Ernestius
372 893 461 954 aliter
480 893 635 976 explanat:
663 892 832 954 Contemno
861 902 975 955 statuas
996 893 1087 955 nobis
1107 916 1160 978 po·

197 1003 284 1072 sitas,
303 1019 434 1083 qnorum
454 1001 663 1082 inscriptiones
683 999 775 1060 falsae
795 1009 879 1070 sunt,
899 1011 930 1060 ct
949 999 1040 1061 lictae
1060 1021 1160 1060 assen-

197 1108 279 1168 tandi
300 1128 398 1168 causa.
420 1107 481 1168 Sed
502 1109 544 1168 sic
564 1107 730 1189 intelligere
748 1109 798 1168 vix
819 1109 889 1168 sinit
909 1127 968 1168 vox
985 1109 1159 1170 atienamm.

161 1234 215 1275 ma
237 1214 294 1297 Ep.
316 1213 394 1273 CCL
416 1226 490 1275 extr.

161 1323 216 1382 123
238 1322 340 1399 Quam
362 1321 511 1382 anillam
527 1322 600 1382 dixit
620 1342 668 1404 ep.
689 1321 768 1393 CCI,
791 1342 815 1380 r.
835 1321 965 1381 Nomine
983 1321 1158 1382 Leuctricae

196 1426 365 1510 significare
384 1428 520 1501 videtur,
542 1439 670 1489 mortem
698 1427 796 1488 Clodii
823 1426 881 1488 sibi
904 1426 1156 1499 consolationem,

195 1537 238 1595 rei
260 1534 343 1617 publ.
357 1539 546 1597 securitatem
560 1557 655 1617 acque
669 1535 813 1617 grandem
831 1537 1003 1617 peperisse,
1025 1556 1060 1595 ac
1080 1537 1154 1597 Leu-

194 1643 287 1702 ctrica
307 1662 410 1725 pugna
429 1639 593 1702 Thebanis.
614 1640 683 1700 Lib.
712 1639 808 1701 Laud.
831 1639 880 1700 die
902 1640 1095 1718 DCCLXV3
1113 1640 1153 1702 cd

194 1746 250 1808 Ro.
270 1745 300 1809 d.
320 1749 569 1832 septingentesimo
591 1744 716 1808 LXXV.

593 1960 721 2023 CCLlIl.

158 2194 168 2235 ι
193 2173 280 2235 Amb.
303 2194 320 2234 a
341 2173 477 2248 Procos.,·
495 2175 532 2234 cf.
553 2174 592 2234 ad
613 2196 659 2257 ep.
682 2174 830 2234 CCXXX.

154 2299 172 2338 2
195 2280 276 2340 luter
295 2282 485 2364 proconsulis
506 2284 715 2364 apparitores,
735 2280 794 2343 boc
815 2292 860 2342 est
879 2284 1035 2344 ministros
1057 2284 1147 2366 (epist

190 2386 310 2460 XXIX,
330 2388 367 2467 4)
388 2400 475 2449 erant
495 2377 682 2472 interpretes.
712 2390 819 2472 ltaque
844 2391 966 2450 nonnisi
995 2393 1028 2450 in
1054 2390 1148 2452 Cilicia

189 2493 327 2554 Ciceroni
348 2495 521 2577 proconsuli
542 2507 629 2579 pater
648 2496 802 2558 Marcilius
822 2518 990 2580 apparere,
1013 2501 1078 2559 sive
1101 2500 1149 2557 mi-

188 2602 317 2662 nistrare
337 2613 465 2685 poterat.

150 2707 175 2766 3·
190 2707 240 2767 Sic
260 2707 330 2781 libri
351 2712 462 2791 passim
484 2732 553 2770 cum
575 2710 697 2771 Oliveto
718 2722 748 2772 et
770 2712 906 2786 Clerico;
928 2713 1024 2793 vulgo
1045 2732 1137 2795 prtum.

148 2813 224 2889 dln
251 2835 305 2875 suo
330 2837 455 2877 munere
482 2818 649 2877 multorum
679 2821 835 2878 mensium.
868 2819 946 2878 Nam
973 2819 1147 2880 Laodiceam

188 2923 322 3000 primum
347 2927 431 2985 venit
454 2925 532 3006 prid.
561 2926 631 2985 Kal.
658 2925 754 2997 Sext,
782 2926 890 2986 eodem
916 2926 1008 2987 rediit
1036 2929 1147 2987 ineunte

187 3046 291 3087 mense
311 3027 421 3103 Febr,
442 3052 490 3113 ep.
511 3032 603 3104 CCL,
625 3055 660 3113 7,
679 3037 789 3093 mansit
810 3053 908 3114 usque
929 3033 970 3093 ad
991 3033 1065 3093 ldus
1085 3034 1145 3098 Mai,

188 3144 223 3192 ut
251 3153 285 3193 ex
307 3135 411 3196 cadem
433 3150 557 3200 constat.
578 3140 625 3200 Ad
652 3161 722 3200 eum
749 3142 862 3222 igitur,
884 3162 982 3222 quum
1003 3154 1082 3204 esset
1100 3144 1145 3200 ite-

185 3259 255 3296 rum
276 3241 457 3317 Laodiceae,
477 3245 631 3306 Marcilius
659 3246 830 3307 adolescens
850 3251 952 3323 vanit3
974 3269 1009 3308 cx
1032 3269 1093 3330 quo
1110 3246 1140 3306 de

185 3365 265 3405 anno
286 3350 429 3429 epistolae
450 3354 653 3413 coniecturam
674 3354 809 3414 facimus.
832 3355 950 3416 Mansit.

583 3567 712 3629 ccuv.
779 3555 781 3559 ’

148 3790 160 3830 1
184 3771 377 3851 Parthicum,
396 3780 434 3841 de
462 3803 523 3862 quo
550 3785 581 3841 in
607 3803 675 3865 epp.
699 3783 824 3855 CCLIl,
849 3784 1129 3861 11;ccxxv1,2;

185 3879 324 3959 CCXXI,
344 3898 375 3948 et
395 3889 532 3962 CCXIV,
557 3911 586 3962 1,
608 3911 641 3964 2,
663 3891 798 3974 aliisque.
