2626 4854
166 370 234 444 132
494 380 666 437 rarsront
692 390 824 437 ccnxxr.
942 385 974 436 Δ.
993 388 1026 436 v.
1044 388 1075 435 c.
1093 384 1143 448 703

159 497 244 568 sisse
261 509 295 560 ²9
319 491 463 590 scribit3
499 491 597 593 quod
631 516 716 564 vero
740 489 833 562 illius
865 502 943 563 erat
968 488 1097 590 solius,
1127 488 1167 562 id

157 645 298 696 mecum
323 619 583 694 communicat:
622 615 817 718 Equitibus
840 617 1080 702 auxiliario,
1113 617 1167 689 in-

160 750 254 851 quit,
277 771 392 849 quum
415 745 573 848 amplius
588 744 828 847 supplementi
839 744 870 794 ³⁰
884 743 1167 845 posmlammus.

159 874 254 950 Illud
272 900 357 949 vem
374 872 491 974 pusilli
508 873 630 972 animi,
655 873 785 973 etipsa
801 869 1042 946 malivolentia
1059 871 1167 943 ieiuni

160 1016 267 1103 atque
296 1001 432 1098 inanis,
464 999 563 1100 quod
585 999 876 1098 Ariobarzanem,
908 1000 990 1101 qum
1022 1011 1166 1072 senatus

156 1153 222 1228 per
245 1152 303 1199 me
328 1151 446 1226 regem
472 1125 682 1227 appellavit,
704 1125 861 1228 mihique
883 1126 1166 1225 commendavit,

158 1255 224 1326 iste
247 1254 286 1325 in
309 1251 419 1326 literis
443 1278 519 1326 non
541 1278 678 1350 regem,
713 1252 779 1326 sed
801 1253 892 1352 regis
917 1252 1164 1328 Ariobarzanis

157 1377 267 1453 filium
285 1381 316 1431 ³¹
342 1377 506 1480 appellat.

237 1557 304 1618 Hoc
323 1561 425 1618 animo
447 1560 500 1639 qui
520 1569 605 1630 sunt,
624 1558 790 1620 deteriores
809 1559 888 1621 liunt
908 1561 1007 1642 rogati
1031 1561 1067 1622 ³².

205 1764 277 1837 Sed
300 1763 367 1837 tibi
390 1789 526 1838 morem
550 1767 659 1864 gessi:
696 1764 816 1840 literas
841 1766 888 1840 ad
912 1792 995 1841 eum
1021 1767 1167 1867 scripsi,

45 1968 50 1978 ,
157 1918 243 1994 quas
269 1917 377 1993 quum
403 1892 598 1991 acceperis,
621 1891 727 1965 facies
753 1892 852 1994 quod
875 1892 984 1966 voles.
1012 1892 1115 1966 Vale.

555 2145 767 2220 CCLXXII.
864 2188 921 2246 (aa
936 2188 991 2235 nu.
1009 2188 1078 2250 vru,
1094 2189 1139 2246 ιε)

154 2322 376 2401 Argumentum.
401 2345 412 2382 ι
431 2323 610 2384 Gratnatur
623 2325 762 2386 Ciceroni
775 2323 953 2386 affinitatem
966 2325 1167 2396 Dolabellae,

196 2431 249 2510 qui
271 2429 403 2488 Tulliam
424 2432 489 2489 eins
512 2429 608 2490 filiam
634 2431 769 2492 duxerat
790 2452 809 2492 a
829 2432 939 2493 Narrat
958 2431 998 2494 de
1020 2436 1167 2494 interces-

194 2538 277 2596 sione
299 2535 439 2595 Curionis
460 2548 490 2596 et
511 2536 548 2597 de
569 2541 734 2618 provinciis
764 2538 839 2620 quid
858 2550 959 2599 actum
981 2541 1043 2616 sit3
1073 2541 1092 2601 3
1112 2538 1167 2600 de-

166 2700 175 2705 .
192 2647 287 2726 nique
308 2645 504 2705 Hortensium
527 2648 658 2704 animam
680 2667 769 2727 agere
789 2648 916 2706 nuntiat.

335 2853 389 2906 Scr.
407 2854 504 2905 Romae
521 2853 553 2903 A.
573 2852 605 2905 V.
624 2853 652 2904 C.
672 2851 796 2920 DCClll,
813 2871 900 2907 mense
916 2853 977 2907 lun.

439 3049 605 3114 CAELIVS
631 3051 821 3117 CICERONI
845 3053 875 3116 S.

210 3293 223 3337 1
242 3263 410 3338 Gratulor
421 3264 488 3337 tibi
505 3265 694 3338 affinitate¹
715 3267 784 3341 viri
798 3265 934 3340 medius
946 3266 1059 3344 fidius
1073 3269 1167 3374 opti-

150 3393 209 3464 mi.
235 3391 328 3464 Nam
352 3390 422 3464 hoc
447 3417 512 3490 ego
542 3391 586 3464 de
613 3391 674 3465 illo
700 3393 871 3466 existimo.
886 3394 1015 3469 Cetera
1038 3419 1167 3499 porro,

152 3517 280 3619 quibus
307 3516 423 3590 adhuc
448 3517 506 3590 ille
531 3518 599 3590 sibi
624 3545 750 3618 pamm
770 3519 866 3594 utilis
881 3519 966 3620 fuit,
992 3532 1031 3595 et
1050 3533 1167 3598 aetate

148 3646 222 3718 iam
246 3658 330 3718 sunt
356 3644 501 3718 decussa
519 3661 555 3743 ²,
581 3660 618 3718 et
643 3646 898 3721 consuetudine
916 3662 1025 3754 atque
1045 3664 1167 3725 aucto·

149 3772 252 3844 ritate
277 3786 360 3870 tua,
385 3786 433 3844 et·
445 3772 616 3872 pudore³
642 3773 795 3875 Tulliae,
820 3776 850 3848 si
873 3802 943 3876 qua
960 3777 1167 3851 restabunt

152 3886 293 3973 confido
319 3899 477 3974 celeriter
502 3899 680 3977 sublatum
706 3902 759 3976 iri.
784 3901 866 3978 Non
891 3917 946 3977 est
972 3905 1070 3979 enirn
1096 3923 1167 4007 pu
