2626 4854
440 347 477 396 ru
503 344 694 399 arssrouss
998 323 1069 399 303

62 457 81 518 3
102 453 180 514 Tres
202 447 313 511 Ambb.
334 459 364 510 et
384 448 455 510 Rec.
476 469 547 509 cum
567 447 613 509 ed.
636 448 710 507 Min.
730 445 901 528 respondeo.

61 560 173 640 tvid.
194 580 242 642 ep.
264 557 385 619 CCLXI
409 558 472 617 init.
500 554 704 616 Defenderam
727 556 861 636 Appium
888 552 1071 639 Hortensius

101 668 207 750 paucis
229 676 298 725 ante
319 673 449 725 mortem
470 660 591 734 diebus,
612 671 642 723 et
662 661 704 722 Μ.
724 660 846 722 Brutus.

59 774 81 836 5
101 775 158 835 Ms.
182 772 253 833 Ree.
273 783 372 832 auten

58 881 80 944 6
100 879 210 940 Lamb.
230 900 290 939 non
310 876 399 960 qrrod
422 877 503 939 Tum
526 875 604 937 iufra
625 874 749 958 legerim
771 872 826 936 sed
837 875 909 959 qur'rz
930 875 1002 936 uilril
1013 864 1069 936 etc.

59 1011 78 1070 7
101 986 208 1048 Lamb.
231 985 282 1046 riti
300 983 427 1045 videbar.

59 1095 80 1156 8
100 1096 162 1157 Tui
182 1092 313 1155 absentis
334 1093 546 1172 cogitationem
574 1109 741 1172 curamque
767 1089 901 1171 suscepi,
922 1087 1067 1172 quemad·

100 1200 228 1263 modum
246 1197 360 1259 Balbus
381 1196 546 1281 apudcic.
567 1217 614 1279 ep.
636 1196 864 1269 CCCXXXlX,
879 1199 903 1257 A
917 1196 1068 1278 loquitur,

98 1317 131 1368 et
151 1306 261 1367 Caesar
281 1304 364 1388 apud
384 1303 473 1367 eund.
495 1325 543 1387 ep.
565 1301 792 1376 CCCXLVlll,
813 1302 853 1377 C,
873 1312 904 1363 et
925 1304 988 1385 lpse
1005 1303 1069 1365 Cic.

98 1435 147 1495 ep.
173 1412 309 1485 DCClV,
331 1412 358 1473 3.
379 1410 497 1472 Eodem
524 1410 618 1471 modo
647 1411 755 1492 optimi
784 1411 899 1492 quique
928 1421 1067 1479 auctores

97 1519 220 1592 dicunt.
240 1529 315 1602 teste
341 1518 465 1588 Corti0‚
491 1514 627 1578 invadere
654 1520 752 1577 αηίηιο
780 1516 851 1577 Sall.
873 1516 938 1578 Liv.
960 1517 1066 1579 Claud.

95 1625 131 1686 Β.
152 1625 219 1686 Get
233 1646 261 1686 v.
275 1623 331 1699 85,
351 1624 440 1708 Rapt
463 1623 524 1696 tlt,
536 1621 592 1706 983
603 1643 744 1705 peragere
757 1624 856 1684 aninro
868 1623 954 1706 virg.
970 1623 1066 1700 Gell.;

92 1753 266 1815 percurrere
285 1732 383 1794 aninw
405 1730 528 1808 Horat.;
548 1750 665 1791 cernere
685 1730 783 1792 anino
805 1730 866 1791 Cic.

55 1861 77 1923 9
97 1838 202 1921 Vulgo
223 1840 285 1922 ipse
304 1839 383 1900 milui.
404 1837 465 1902 sed
485 1848 520 1898 ut
540 1847 645 1919 postea
666 1857 769 1897 sensus
789 1847 834 1899 est
854 1836 925 1897 nrilzi
948 1856 1066 1920 qaroque

95 1948 156 2028 ipsi
175 1947 262 2007 tribui
276 1958 350 2029 puto
357 1968 368 2018 ,·
387 1947 431 2006 sic
450 1943 510 2007 hoc
530 1945 598 2006 loco
619 1945 690 2004 milri
711 1928 771 2028 ipsi
792 1964 895 2005 sensus
922 1944 1064 2027 postulat.

98 2054 135 2114 ln
154 2063 286 2134 utroque
307 2053 421 2114 scilicet
440 2054 607 2135 opponitur
627 2052 665 2122 τῷ
687 2072 746 2113 uon
766 2052 818 2112 tibi
835 2052 897 2112 soli.
913 2049 1065 2112 Schoenb.

98 2157 203 2221 Ambr.
228 2159 265 2237 14
284 2160 355 2220 milri
373 2160 443 2240 ipse.

60 2287 95 2327 ro
116 2265 220 2348 Vulgo
240 2265 311 2348 quia
330 2265 402 2327 milri
418 2265 481 2348 ipse
507 2276 654 2341 arentum
683 2264 734 2326 sed
759 2265 831 2349 quin
856 2267 916 2326 iam
942 2263 1065 2326 sustulit

94 2372 266 2449 Ernestius,
287 2370 371 2454 quod
384 2370 435 2433 hic
448 2370 533 2432 nulla
553 2393 643 2433 causa
664 2374 716 2445 sit,
737 2394 815 2456 quae
831 2373 967 2454 requirat
982 2374 1062 2455 quin.

93 2476 274 2540 Benedictus
292 2499 330 2540 ex
356 2478 493 2561 quinque
520 2477 648 2540 Dresdd.
669 2481 783 2562 recepit
801 2486 959 2553 essentium
980 2478 1064 2560 quod

94 2596 196 2646 tamen
216 2583 345 2646 verbum
367 2584 440 2645 huic
461 2584 530 2646 loco
552 2585 703 2666 quadrare
731 2596 811 2647 recte
832 2595 923 2667 negat
943 2583 1063 2645 Schiitz.

59 2711 89 2752 11
115 2690 174 2752 Hic
195 2691 336 2754 videntur
356 2688 507 2772 quaedam
521 2689 616 2751 verba
631 2688 832 2766 intercidisse3
845 2689 904 2750 hoc
918 2689 980 2751 fere
994 2710 1062 2750 sen-

93 2818 145 2859 su:
169 2796 360 2882 Quamquam
379 2797 471 2859 multo
497 2797 591 2877 magu
613 2817 714 2858 eorum
740 2798 929 2858 tenerrimum
957 2797 1064 2873 miror,

92 2902 176 2985 quod
193 2901 232 2964 de
251 2904 380 2978 ambitu,
398 2923 505 2987 quam,
531 2902 614 2988 quod
639 2901 678 2964 de
699 2904 850 2965 nmiesurte
875 2915 1061 2965 accusarunt.

92 3009 215 3072 schoa.
236 3011 284 3069 De
304 3010 416 3073 ambitu
436 3032 502 3072 vero
515 3009 590 3095 quid
602 3012 735 3087 interest,
755 3009 868 3073 scilieet
885 3010 958 3093 quid
973 3012 1065 3072 iuter-

92 3128 138 3180 est
157 3118 195 3179 de
216 3116 335 3180 ambitu
354 3116 514 3180 absolutus
534 3119 608 3192 sim,
628 3139 668 3179 an
689 3117 726 3180 de
739 3119 904 3181 maiestatis
919 3119 1065 3180 criminel

91 3225 266 3307 Vtrumque
286 3225 368 3287 euim
394 3226 511 3287 crimen
535 3224 611 3287 mihi
637 3225 713 3287 falso
741 3225 860 3287 illatum
887 3236 952 3302 est;
980 3223 1063 3308 quod

88 3330 259 3393 Lambinus
279 3331 364 3394 vidit.
386 3330 547 3394 schutzius
569 3330 713 3416 nuurqns'd
732 3333 864 3406 unresr.
885 3331 969 3416 quod
982 3331 1063 3394 hauc

90 3440 310 3500 correctionem
330 3441 487 3520 responsio
510 3440 663 3501 Ciceronis
684 3438 728 3502 od
747 3461 808 3501 rem
829 3440 902 3502 nrlsil
918 3438 1062 3522 postulet.

88 3544 169 3607 Mihi
190 3543 311 3606 videtur
330 3555 361 3608 et
381 3537 413 3597 τό
439 3545 514 3629 quid
532 3546 640 3610 eodem
661 3569 753 3610 sensu
773 3549 869 3632 accipi
889 3551 1002 3631 posse'

54 3673 88 3714 η
111 3652 219 3713 Lamb.
240 3652 284 3715 ad
303 3666 329 3715 te
349 3653 430 3716 nihil.

53 3759 88 3823 13
110 3760 193 3843 Lego
207 3781 278 3821 cum
290 3759 433 3822 Schiitrio
447 3761 488 3821 sic
504 3760 646 3837 involuta,
658 3777 690 3825 ιιι
703 3765 733 3828 ἰη
746 3765 873 3849 quemvis
886 3764 904 3825 i.
917 3757 947 3824 d.
960 3760 1062 3836 licent,

90 3877 122 3930 et
135 3868 257 3952 explico
269 3888 341 3935 cum
354 3867 522 3939 Loubion
537 3872 700 3942 Maiestatis
714 3874 829 3942 crimen
842 3873 884 3949 ita
895 3868 1061 3932 obscurum
