2626 4854
261 334 335 431 304
622 352 895 406 suuortrronas

299 471 359 533 est,
379 469 414 520 ut
434 459 530 519 cuivis
551 456 639 518 liceat
659 459 692 517 in
711 457 842 518 alterum
862 452 1031 516 declamare
1051 456 1195 539 impune,
1219 458 1259 519 id·

298 576 357 638 est,
376 576 411 625 ut
423 567 518 627 cuivis
531 564 636 638 liceat,
655 563 801 637 alterum,
822 563 908 645 quasi
929 560 1122 623 declamandi
1136 574 1167 625 et
1179 585 1259 626 exer-

299 673 386 736 cendi
400 674 512 755 ingenii
524 692 624 744 causa,
637 692 779 732 accusare
791 672 855 730 sine
868 680 985 752 poenae
994 681 1090 731 metu.
1104 671 1210 754 Vulgo
1222 693 1262 732 ve·

298 792 463 841 mmmmm
483 791 528 840 est
546 780 682 840 maiestas
696 779 746 859 (ut
766 776 854 837 Sulla
874 776 982 851 voluit,
1000 777 1053 837 alii
1074 790 1106 838 et
1123 779 1167 838 sic
1181 777 1261 839 Solle

296 887 421 966 voluit),
440 906 477 946 ne
496 886 527 946 in
545 885 673 968 quemvis
692 884 811 966 inpune
823 882 1008 960 declam,
1021 884 1074 944 alii
1086 882 1261 959 declamari,

295 994 410 1066 laena·
422 992 535 1055 Schiitz
546 1003 743 1053 verumtamen
752 1011 789 1052 ea
801 1004 845 1052 est
857 991 1017 1051 maiestatr's
1028 992 1084 1064 vis,
1096 993 1179 1052 etsie
1190 993 1259 1054 irwo

297 1101 377 1173 luta,
396 1112 429 1162 ut
447 1101 477 1161 ia
490 1120 520 1183 q.
533 1100 551 1160 i,
565 1098 735 1161 declam
751 1100 846 1161 liceat.
860 1098 1000 1160 Primum
1014 1099 1105 1162 multi
1118 1121 1192 1162 mss.
1204 1122 1260 1161 non

294 1206 411 1268 habent
423 1219 456 1267 ut
469 1206 568 1281 Sulla,
580 1228 637 1290 pro
652 1228 714 1290 quo
730 1205 776 1268 rel
790 1208 832 1267 sie
845 1206 919 1281 ullo,
931 1206 981 1268 vel
994 1208 1021 1267 si
1033 1207 1258 1279 ulla‚ll1nbb.6

294 1324 324 1375 et
349 1314 386 1391 14
404 1314 431 1374 si
447 1326 492 1375 est
511 1314 592 1386 ulla,
611 1325 642 1375 et
666 1316 703 1375 15
721 1326 750 1374 et
768 1315 796 1373 si
813 1313 904 1375 voluit
921 1312 1052 1390 habent3
1067 1314 1178 1375 deinde
1192 1316 1257 1376 utin

293 1421 422 1505 quemvis
441 1430 507 1482 erat
525 1423 587 1481 iam
607 1422 640 1481 in
659 1419 727 1481 edd.
747 1421 804 1481 Ro.
818 1421 926 1482 Minut.
940 1431 971 1482 et
983 1420 1110 1497 Lamb.;
1132 1421 1255 1503 denique

294 1528 382 1589 lioeot
400 1529 567 1590 necessario
588 1538 634 1588 est
653 1527 895 1601 rescribendum,
915 1538 951 1588 ut
971 1528 1157 1610 respondeat
1174 1549 1255 1609 supe-

206 1664 210 1669 ·
293 1637 368 1695 riori
391 1634 431 1704 τῷ
454 1646 505 1696 est.
534 1633 763 1695 Correetiouem
785 1633 918 1695 Schiitzii
938 1644 1078 1717 tempus,
1097 1638 1131 1694 ni
1157 1635 1255 1704 fallor,

293 1741 505 1815 confirmabit,
525 1741 632 1803 saltem
652 1752 801 1823 quatenus
821 1762 840 1800 a
860 1740 945 1801 libris
969 1761 1034 1802 non
1061 1741 1196 1802 multum
1214 1763 1255 1801 re·

293 1849 393 1922 cedit,
412 1859 443 1910 et
462 1847 584 1910 exhibet
603 1869 712 1911 vocem
731 1849 908 1922 involutam,
927 1869 1007 1930 quae
1020 1869 1107 1931 seqq.
1121 1850 1166 1910 ita
1177 1869 1253 1929 aper-

294 1968 355 2018 tam
374 1957 431 2016 vim
451 1956 541 2017 tabet
560 1967 642 2017 recte
655 1966 846 2039 opponatur,
865 1965 901 2016 ut
920 1958 982 2015 iam
993 1955 1174 2017 'Lambinus
1187 1955 1253 2017 odo·

292 2073 376 2124 ratus
398 2074 472 2124 erat.
486 2062 575 2124 Amb.
594 2062 630 2123 15
651 2075 683 2124 ut
697 2064 787 2124 cuivis
805 2064 924 2153 impupe
937 2073 993 2124 etc.
1012 2064 1062 2124 De
1081 2063 1253 2125 difficultate

291 2168 455 2230 deliniendi
475 2171 636 2231 ntaiestatis
657 2173 771 2231 crimen
791 2170 861 2231 vide
880 2170 919 2231 de
940 2170 1005 2232 lnv.
1027 2172 1079 2244 11,
1104 2170 1150 2232 18.

257 2275 294 2354 14
313 2275 414 2358 Supra
434 2273 511 2335 bene
531 2277 587 2336 rim
607 2279 732 2359 exponit
752 2278 906 2339 Manutius
924 2289 1079 2350 naturam,
1098 2288 1177 2339 teste
1189 2276 1254 2338 Cor

293 2384 351 2458 tio,
371 2382 501 2464 improbe
522 2386 689 2465 opponitur
714 2386 864 2467 superiori
892 2385 1025 2467 impune,
1043 2394 1078 2445 'et
1098 2384 1253 2467 signifieat:

292 2509 388 2571 quum
416 2499 527 2549 natum
554 2492 687 2551 criminis
716 2491 754 2551 de
782 2493 899 2552 ambitu
927 2495 965 2552 sit
991 2503 1119 2574 aperta,
1144 2510 1254 2552 neeesse

291 2607 352 2668 est,
371 2607 406 2657 ut
428 2598 481 2678 qui
502 2608 639 2668 accusat,
659 2619 721 2658 non
742 2601 867 2680 impune
888 2609 1021 2670 accuset,
1043 2602 1067 2658 si
1094 2599 1253 2659 calumnia-

292 2715 340 2763 tus
361 2706 416 2780 sit;
436 2715 467 2764 et
487 2706 539 2785 qui
560 2704 709 2776 defendit,
730 2725 792 2764 non
817 2708 941 2787 impune
966 2706 1005 2765 ad
1037 2705 1254 2767 defendendum

290 2832 376 2872 reum
398 2814 569 2883 accesserit,
583 2815 606 2870 si
621 2832 711 2871 causa
725 2811 820 2871 eadat.
834 2813 971 2893 Vterque
985 2813 1068 2872 enim
1084 2812 1238 2896 improbus
1245 2856 1254 2885 ,

289 2915 321 2976 b.
335 2938 360 2975 e.
375 2918 496 2998 iniquus
510 2917 681 2978 habebitur.
697 2918 764 2979 Hoc
778 2929 892 2990 totum,
905 2921 1004 3000 inquit
1016 2919 1190 2992 Manutius,
1203 2938 1253 3002 pro

290 3022 390 3102 Appio
412 3035 518 3083 contra
530 3024 740 3098 Dolabellam,
761 3047 907 3106 generum
919 3047 1032 3098 suum,
1052 3030 1186 3109 tempori
1200 3047 1252 3086 ser-

290 3130 372 3187 viens
401 3128 506 3189 Cicero
537 3131 675 3212 collegit:
707 3133 791 3214 quod
817 3133 930 3192 iactum
961 3145 1084 3194 excusat
1113 3137 1145 3194 in
1175 3136 1252 3216 epist.

289 3233 493 3308 CCLXXIll,
515 3258 533 3296 2
554 3237 594 3297 ad
621 3237 756 3299 Caelium
783 3239 831 3300 his
857 3239 973 3299 verbis:
1005 3239 1090 3322 Quid
1115 3244 1144 3303 si
1166 3260 1252 3300 urtam

289 3341 494 3424 legas‚q1mm
520 3366 572 3424 ego
600 3357 661 3404 tum
686 3366 727 3406 ex
755 3347 810 3406 tuis
837 3347 924 3407 literis
951 3347 1019 3407 misi
1043 3345 1088 3407 ad
1107 3347 1251 3430 Appiua?

291 3446 373 3528 Quid
391 3452 485 3529 ogas?
504 3455 546 3510 sic
566 3453 675 3512 vivitur.

252 3552 288 3613 15
308 3554 359 3614 sic
378 3555 668 3640 Martyni-Laguna.
690 3559 794 3640 Vulgo
805 3559 895 3642 stacta
906 3605 917 3634 ,
936 3573 990 3620 ortt
1010 3582 1070 3621 nou
1082 3563 1182 3643 saeta.
1200 3561 1249 3619 Be·

287 3661 424 3722 nedictus
444 3684 515 3724 cum
535 3666 678 3748 Beugelio
689 3667 780 3747 fricta
800 3681 829 3727 et
842 3688 903 3728 uon
914 3667 1020 3750 sacta3
1034 3667 1113 3729 Rob.
1129 3665 1248 3750 Stepha-

287 3788 343 3826 nus
354 3767 444 3848 sacta
465 3792 519 3832 uec
539 3793 576 3832 ne
586 3772 684 3854 flecta.
707 3772 826 3833 Schiitz.

253 3868 288 3928 16
309 3871 461 3938 Patefacta
491 3889 583 3962 atque
613 3883 763 3962 exagitata
793 3885 976 3944 accusatoris
1004 3884 1050 3944 tui
1079 3881 1200 3945 levitate
1218 3902 1248 3939 ac

290 3978 422 4042 stultitia.
