2626 4854
273 392 340 449 rro
518 403 523 410 ’
600 393 766 443 nnrsrotn
792 386 926 442 cccxvr.
1044 389 1076 440 Δ.
1092 390 1127 440 v.
1145 390 1175 438 o.
1195 379 1246 452 7⁶3

267 498 594 602 tibi-persuadeam,
611 525 667 571 me
685 513 721 570 et
737 495 888 570 voluisse
914 492 959 565 de
983 505 1043 565 tua
1069 493 1271 591 maiestate,

267 628 363 732 quod
388 625 639 724 amplissimum
664 624 763 695 sime
788 621 975 695 arbitratus
982 646 992 716 5
1017 631 1070 718 et,
1095 619 1195 721 quod
1227 633 1268 691 tu

265 753 436 850 maluisti,
460 752 590 822 lactum
616 775 710 846 esse,
736 746 895 846 gaudere.
920 744 1027 843 Vale,
1053 756 1089 816 et
1104 769 1171 818 nos
1190 743 1271 816 dili-

267 907 325 980 ge,
350 891 387 950 et
410 878 570 949 instituto
588 876 711 947 itinere
731 889 760 923 ¹⁰
787 872 1009 946 severitatem
1036 868 1269 968 diligentiam-

268 1011 335 1108 que
361 1002 463 1077 sociis
489 1016 525 1074 et
549 1001 600 1075 rei
625 998 786 1101 publicae
812 1010 960 1099 praesta.

655 1250 864 1326 CCLXVH.
971 1290 1094 1350 (sanir.
1111 1288 1184 1349 viu,
1199 1289 1246 1345 ιι)

265 1434 486 1512 Argumentum.
511 1453 520 1489 1
545 1429 785 1512 supplicationes
812 1429 966 1500 Ciceroni,
992 1429 1117 1488 resumis
1144 1426 1269 1487 tandem

304 1537 543 1618 impedimentis,
563 1537 696 1596 dentem
710 1554 775 1595 esse
786 1536 913 1596 nuntiet.
934 1553 952 1593 2
973 1534 1029 1594 Rei
1047 1533 1270 1616 publstatum

305 1642 456 1703 describit.
483 1645 501 1703 3
527 1630 785 1702 Commentariun]
812 1661 916 1702 cerum
945 1636 1132 1701 urbanarum
1160 1641 1269 1712 mittin

306 1751 326 1826 4
346 1759 531 1832 procurato
551 1749 680 1808 Sittiano
699 1751 820 1829 negotio
843 1750 954 1829 gratias
973 1749 1045 1828 agit

437 1931 493 1983 Ser.
512 1929 607 1981 Romae
625 1930 656 1980 A.
674 1928 707 1979 V.
726 1927 755 1981 C.
774 1927 896 1993 DCClll,
916 1942 1001 1979 mense
1020 1927 1104 1978 lunio.
1151 1913 1153 1917 ¹

437 2154 438 2158 ‘
538 2121 1001 2216 onus1vs'ucuu0u11s

322 2412 336 2457 1
366 2382 448 2457 Non
475 2381 551 2483 diu,
575 2382 639 2456 sed
674 2384 799 2458 acriter
830 2409 896 2457 nos
928 2396 1009 2456 tuae
1041 2384 1270 2485 supplicatio·

267 2526 358 2584 nes²
376 2522 561 2583 torserunt.
586 2509 824 2583 Incideramus
842 2511 934 2583 enim
951 2511 989 2584 in
1007 2509 1186 2583 difficilem
1203 2537 1269 2584 no-

268 2637 361 2712 dum.
387 2637 478 2711 Nam
503 2637 610 2710 Curio
636 2637 687 2708 tui
713 2636 972 2736 cupidissimus,
998 2637 1082 2709 cui³
1100 2636 1269 2710 omnibus

267 2763 460 2838 rationibus
487 2762 678 2836 comitiales
704 2761 957 2863 eripiebantur,
973 2762 1124 2862 negabat
1142 2788 1180 2836 se
1197 2762 1269 2836 ullo

267 2888 375 2962 modo
393 2892 467 2990 pati
484 2916 598 2990 posse,
615 2889 754 2962 decerni
766 2890 1040 2990 supplicationes
1052 2891 1079 2990 4,
1095 2915 1154 2990 ne,
1172 2888 1270 2992 quod

269 3014 385 3087 lurore
410 3015 523 3088 Paulli
549 3014 727 3088 ademtum
754 3030 845 3090 esset
867 3015 955 3090 boni
967 3018 992 3116 ⁵,
1009 3043 1070 3090 sua
1089 3016 1194 3117 culpa
1218 2997 1269 3091 vi-'

268 3138 409 3212 deretur
425 3141 588 3241 amisisse,
605 3155 641 3214 et
657 3143 917 3242 praevaricator
934 3162 1060 3216 causae
1075 3143 1268 3243 publicae6

267 3266 529 3340 existimaretur.
555 3269 678 3368 Itaque
696 3269 742 3341 ad
758 3270 960 3371 pactionem
978 3267 1226 3342 descendimus
1239 3287 1268 3366 ⁷,

267 3403 303 3461 et
328 3394 577 3465 confirmarunt
603 3394 781 3495 consules,
806 3422 842 3468 se
868 3394 925 3468 his
953 3393 1268 3496 supplicationibus

265 3515 303 3586 in
327 3514 421 3589 hunc
447 3545 578 3590 aunum
602 3545 677 3592 non
703 3547 825 3593 usuros
843 3523 867 3592 ⁸.
893 3520 1018 3617 Plane,
1044 3520 1145 3622 quod
1163 3521 1268 3595 utris·

267 3668 334 3743 que
364 3643 563 3718 consulibus
599 3646 724 3744 gratias
758 3673 861 3746 agas,
893 3661 966 3745 est,
998 3642 1124 3720 Paullo
1158 3647 1267 3746 magis

268 3781 369 3853 certe.
396 3768 488 3843 Nam
513 3770 696 3844 Marcellus
723 3774 773 3846 sic
799 3772 994 3873 respondit,
1020 3798 1057 3844 se
1084 3790 1217 3874 spem9
1235 3772 1269 3845 iu

267 3893 341 3966 istis
359 3895 672 3996 supplicationibus
689 3925 762 3973 non
779 3899 925 3997 habere,
949 3896 1109 4001 Paullus',
1134 3924 1172 3972 se
1187 3923 1271 3985 *om-
