2626 4854
147 324 217 395 280
509 340 779 391 Innorsrronas

186 466 263 527 qnae
285 443 466 525 Megalensia
479 443 665 504 dicebantur.
689 439 814 503 Corrud.
834 440 875 501 Et
896 439 1099 520 Megalenses,
1115 453 1143 502 et

184 553 311 614 Romani
329 551 393 613 Iudi
421 551 460 612 ad
488 551 598 612 aediles
629 549 748 611 curules
769 547 963 630 pertinebant
992 550 1068 629 (Dio
1094 548 1141 609 lib.

151 680 155 689 ·
174 656 348 732 XXXVII,
367 681 394 720 c.
414 658 450 735 ὃς
470 669 500 720 et
518 659 633 730 XLIII,
652 679 677 719 c.
697 656 763 737 48).
783 657 857 716 Dies
877 656 971 738 igitur
991 654 1142 737 Megalen·

183 770 277 839 sium,
298 768 349 849 qui
370 764 521 826 dabantur
540 765 637 847 Aprili
657 784 776 836 mense,
796 762 974 823 Ciceronem
1000 761 1141 823 admone-

181 874 235 935 bat
255 874 396 934 ludorum
417 872 522 945 Rom,
543 893 619 955 quos
640 871 760 932 caelius
781 868 954 953 Septembri
968 889 1071 930 mense
1091 869 1141 929 da-

181 993 267 1043 turus
293 992 366 1042 erat
392 980 509 1041 Manat.
536 979 719 1060 Megalensia
744 1000 764 1039 a
791 998 899 1060 graeca
923 997 1001 1038 voce
1021 973 1141 1046 μεγάλη,

181 1109 304 1169 magna,
325 1086 408 1170 quod
429 1108 536 1167 magna
555 1099 651 1147 mater
660 1086 725 1146 Dea
738 1086 791 1146 illa
804 1095 975 1145 vocaretur.
996 1083 1056 1144 Sed
1077 1083 1139 1144 Me·

179 1197 328 1276 galenes,
349 1196 546 1274 Megalensia,
568 1195 783 1274 Megalensibus
803 1195 866 1252 sive
886 1212 1008 1272 graece,
1025 1193 1086 1252 sive
1099 1191 1137 1251 la-

182 1304 245 1362 tine
266 1301 326 1362 dici
347 1308 438 1383 negat
458 1301 641 1372 Lambinus,
662 1303 713 1382 qui
735 1299 803 1360 ideo
829 1302 984 1382 rescripsit
1012 1299 1136 1379 Megale·

182 1410 241 1470 siis.
264 1407 345 1470 Vide
365 1409 433 1469 Liv.
452 1409 573 1480 XXIX,
598 1410 646 1484 143
668 1406 757 1469 ovid.
778 1407 859 1469 Fast.
879 1406 935 1479 IV,
955 1405 1026 1488 357.

576 1622 705 1682 CCLVI.

141 1858 156 1899 r
182 1840 244 1916 Qui
265 1837 395 1911 dixerat,
416 1838 454 1915 Q.
476 1838 651 1898 Ciceronem
673 1837 869 1897 dimissurum
888 1858 1015 1898 uxorem
1042 1860 1133 1910 suam,

179 1946 270 2005 Attici
291 1966 437 2006 sororem.
458 1945 619 2004 Ernestins.
640 1944 716 2002 Iens.
729 1943 810 2005 Viot
829 1944 869 2003 ab
892 1943 993 2005 Cincio
1013 1943 1052 2003 de
1072 1945 1102 2004 S.
1115 1967 1131 2003 s.

139 2069 156 2110 2
178 2050 376 2113 ’Δποσῑῶπησῑς
396 2052 486 2135 plena
506 2052 719 2132 indignationis
740 2062 771 2111 et
791 2050 948 2112 stomachi.
971 2051 1022 2111 Sic
1042 2052 1132 2112 Iocum

177 2161 344 2234 constituit,
366 2169 396 2219 et
416 2157 587 2240 explanavit
600 2158 771 2230 Victorius,
792 2169 822 2219 et
842 2160 884 2218 sie
904 2157 1131 2220 tabescam.

175 2258 313 2324 A'Iibris
341 2265 404 2325 fere
431 2263 542 2326 absunt
563 2265 688 2347 probari
715 2277 821 2326 autem.
847 2265 920 2326 Duo
950 2265 1039 2327 codd.
1066 2266 1131 2326 Iunii

173 2370 300 2451 probari
316 2380 422 2431 autem.
442 2373 487 2431 At
504 2370 543 2431 de
562 2373 617 2432 isto
638 2373 666 2432 ln

137 2477 155 2537 3
177 2475 227 2536 sie
247 2476 404 2538 Ernestius
424 2480 542 2560 primus
563 2499 598 2539 ex
612 2478 658 2539 ed.
673 2479 802 2539 Iensoni.
824 2475 1131 2554 Graev.etsis1ist,ab

175 2582 316 2644 Ernestio
336 2596 472 2657 notatus,
492 2587 544 2666 qni
566 2597 596 2645 et
613 2586 708 2666 plura
724 2587 821 2645 vincla
841 2608 935 2668 supra
955 2586 1096 2647 malebat

135 2687 155 2766 4
175 2691 326 2767 Quintum
346 2691 470 2753 fratrem
492 2713 604 2754 meum.
626 2692 741 2754 Ernest.
762 2693 833 2753 Mor
855 2692 912 2754 lib„
929 2693 1027 2754 Land.
1041 2713 1131 2776 asper·

174 2816 254 2859 nme.

134 2899 320 2964 5Militiam
353 2918 442 2969 vocat
468 2908 643 2990 provinciae
668 2906 959 2968 administrationem
987 2929 1059 2968 cum
1084 2910 1131 2968 iin-
1168 2913 1172 2922 '

174 3012 270 3090 perio.

134 3112 155 3174 6
178 3115 334 3198 Scripserit
346 3152 386 3164 -
398 3132 535 3194 acturus,
553 3123 697 3181 nimirum
720 3099 853 3199 Quintus
873 3121 979 3182 frater.
993 3121 1049 3182 Aa
1061 3122 1131 3182 liber·

177 3233 253 3295 tnrn,
274 3223 419 3298 Statium,
438 3226 477 3286 de
498 3248 560 3308 quo
581 3250 628 3311 ep.
649 3229 751 3292 XLIV
771 3238 843 3288 extr.
864 3240 895 3289 et
915 3229 971 3288 LII
993 3231 1059 3290 init.
1119 3286 1121 3293 .

135 3349 153 3410 7
176 3327 245 3388 Scit.
267 3351 299 3391 se
320 3345 473 3413 praestare
494 3356 578 3408 eum,
599 3337 651 3416 qui
678 3356 741 3396 esse
767 3334 866 3398 debet.
888 3335 969 3398 Vide
997 3336 1037 3396 ad
1058 3336 1130 3418 epist

176 3435 341 3510 CCLXIV,
363 3440 389 3499 3.
411 3439 568 3502 Phaedrus
591 3443 648 3515 III,
668 3444 720 3519 44:

342 3600 427 3669 Quale
445 3612 522 3671 capnt
540 3611 593 3669 est,
611 3603 669 3655 talis
687 3610 832 3671 praestatur
849 3621 933 3674 sapor.

173 3761 256 3822 Tum
278 3769 428 3827 maximae
445 3782 562 3850 partes,
581 3770 726 3828 nimirum
748 3767 822 3828 mihi
843 3771 1036 3851 potissimum
1051 3765 1127 3828 susci-

171 3869 280 3948 pienda
302 3893 375 3936 cura
396 3888 440 3937 est
462 3876 615 3938 Ciceronis
637 3877 739 3959 pueri,
759 3877 854 3937 immo
877 3875 1082 3948 adolescentie
1095 3869 1125 3930 de
