2626 4854
259 345 326 391 122
589 337 760 385 rrrsroea
785 338 919 385 ccaxnc
1035 333 1117 383 nv.
1136 337 1166 386 c.
1185 336 1233 399 70³

251 458 351 516 tanto
376 466 534 513 moerore
559 466 640 537 suo,
671 442 858 512 maximam
891 464 1013 510 curam
1037 436 1122 510 belli
1150 443 1257 512 susti·

251 582 371 666 neret,
396 567 442 639 ad
461 593 586 668 meque
603 566 707 665 legati
725 568 815 664 eius,
840 580 877 637 et
893 578 1075 666 quaestor,
1101 579 1137 636 et
1155 567 1259 638 amici

250 694 367 768 literas
392 696 588 792 mitterent,
613 708 653 765 ut
683 692 840 766 subsidio
865 693 1043 764 venirem:
1070 692 1134 764 etsi
1162 719 1258 764 exer-

251 824 360 894 citum
385 822 562 893 infirmum
586 820 779 919 habebam,
804 819 930 893 auxilia
957 846 1041 893 sane
1057 819 1172 920 bona,
1196 821 1258 893 sed

251 975 292 1020 ea
318 948 543 1043 Galatarum,
568 948 785 1045 Pisidarum,
808 948 999 1047 Lyciorum
1027 946 1136 1034 (haec
1166 949 1259 1019 enim

251 1088 335 1145 sunt
357 1088 478 1146 nostra
504 1073 670 1171 robora),
707 1088 824 1146 tamen
855 1100 931 1147 esse
960 1073 1117 1147 officium
1142 1100 1259 1146 meum

250 1201 391 1301 putavi,
416 1202 605 1272 exercitum
631 1201 760 1273 habere
785 1202 1075 1303 quamproxime
1099 1200 1259 1298 hostem,

253 1327 372 1427 quoad
395 1327 482 1399 mihi
508 1354 669 1427 praeesse
694 1329 900 1428 prouinciae
924 1353 990 1427 per
1014 1340 1158 1399 senatus
1176 1351 1259 1399 eon-

252 1454 381 1527 sultum
407 1454 536 1527 liceret.
563 1453 654 1555 Sed,
679 1482 752 1557 quo
778 1481 843 1553 ego
864 1455 1014 1526 maxime
1040 1452 1258 1552 delectabar,

251 1580 398 1656 Bibulus
423 1581 590 1654 molestus
616 1581 703 1653 mihi
728 1608 802 1655 non
835 1595 911 1654 erat
933 1580 978 1679 ¹43
1015 1579 1061 1651 de
1093 1579 1259 1653 omnibus

251 1706 356 1781 rebus
381 1707 559 1781 scribebat
583 1708 704 1780 adme
721 1709 862 1809 potius,
888 1706 1025 1779 etmihi
1044 1705 1258 1779 decessionis

252 1834 328 1906 dies
353 1838 521 1915 λεὶηὲότως
539 1834 713 1934 obreptat
739 1836 810 1926 Qui
836 1860 945 1935 quum
962 1832 1163 1931 advenerit,
1188 1835 1259 1901 ἄλλο

250 1964 431 2059 πρόβλημα,
457 1987 561 2062 quem
576 1963 796 2061 praeficiam,
812 1962 880 2032 nisi
897 1959 1028 2033 Caldus
1044 1961 1074 2009 ¹⁵
1093 1972 1260 2060 quaestor

251 2089 403 2186 venerit,
430 2087 474 2159 de
500 2114 570 2188 quo
597 2088 712 2159 adhue
737 2087 826 2160 nihil
843 2089 929 2160 certi
946 2085 1177 2159 habebamus.
1191 2087 1261 2158 cu·

250 2213 393 2312 piebam
417 2213 616 2286 mehercule
632 2214 827 2313 longiorem
843 2212 1030 2315 epistolam
1046 2212 1184 2308 facere,
1202 2209 1282 2284 sed

251 2365 318 2410 nec
343 2353 418 2411 erat
442 2365 519 2438 res,
544 2340 588 2412 de
614 2368 682 2441 qua
708 2342 917 2438 scriberem,
942 2366 1008 2413 nec
1033 2339 1150 2412 iocari
1174 2362 1279 2439 prae

253 2492 334 2536 cura
360 2480 529 2564 poteram.
556 2466 699 2540 Valebis
724 2471 848 2568 igitur,
884 2481 921 2540 et
945 2464 1086 2568 puellae
1113 2465 1309 2540 salutm:

251 2595 426 2668 Atticulae
443 2597 473 2644 ¹⁶
500 2595 611 2691 dices,
636 2609 846 2696 nostraeque
871 2593 989 2667 Piliae.

665 2849 842 2921 CCLXX
1004 2844 1061 2901 (Ad
1073 2845 1126 2889 Art.
1137 2845 1186 2901 Vl,
1201 2847 1297 2903 7)—

251 3029 473 3107 Argumentum.
493 3029 642 3105 Quintum
663 3027 761 3086 filium
782 3030 878 3110 patris
898 3028 1033 3085 animum
1057 3028 1152 3086 matri
1173 3046 1305 3091 sume

290 3137 380 3196 Attici
401 3137 512 3208 sorori,
532 3135 738 3195 reconciliasse
758 3137 894 3207 nuntiat,
915 3145 946 3194 et
966 3155 1045 3213 quae
1063 3154 1113 3214 ep.
1127 3133 1174 3193 lv
1188 3143 1220 3191 et
1295 3139 1309 3196 l

290 3243 329 3303 de
348 3243 513 3303 Philotimo
534 3247 707 3326 scripserat,
727 3247 762 3304 iis
783 3243 900 3325 aliquid
919 3240 1012 3301 addit.
1033 3240 1200 3300 Praeterea
1286 3244 1309 3303 da

291 3352 421 3411 discessu
442 3374 510 3422 sno,
532 3352 618 3414 etde
639 3353 762 3412 Tironis
783 3352 909 3412 adversa
930 3346 1097 3408 valitudine
1119 3344 1260 3409 scribi-
1279 3365 1293 3412 t.
