2626 4854
426 346 463 393 m
489 343 682 394 narsroms
999 328 1065 422 341

61 447 102 509 26
121 448 193 528 Agit
206 447 324 529 Appius
339 467 444 508 censor
456 446 494 507 de
506 445 692 507 moderanda
707 449 771 527 agri
785 452 982 530 possessione.
996 453 1072 514 Cor·

102 560 180 616 rexit
201 557 245 614 sic
264 554 419 636 Manutius
439 563 545 615 contra
565 551 658 613 fidem
679 557 815 616 omnium
832 555 996 630 librorum.
1018 561 1070 640 qui

101 661 208 742 legunt
226 660 265 721 de
285 664 363 741 agan
383 659 479 722 modo.
500 658 605 721 Ambr.
622 659 658 721 15
670 658 709 721 de
721 663 801 740 agris
815 680 891 735 nou,·
911 663 994 745 qnod
1007 686 1070 726 nou

100 768 247 849 intelligo.

61 896 99 957 ²7
122 876 289 936 Censuram
311 895 399 957 posse
420 872 554 936 maculas
573 875 754 957 praeteritae
775 876 853 936 vitae
874 875 983 937 eluere.
1005 877 1071 937 Ma·

101 983 185 1043 culos
205 992 307 1043 autem
327 985 408 1043 nitro
429 981 495 1043 tolli
508 980 621 1043 indicat
634 993 664 1043 et
677 981 802 1063 Vulgat.
822 985 854 1042 in
875 985 981 1046 ierem.
994 983 1071 1046 Pro-

100 1087 213 1173 pheta,
233 1110 258 1149 n
279 1089 323 1162 11,
345 1108 397 1149 22:
427 1089 463 1148 Si
488 1089 593 1153 laven's
622 1101 648 1149 te
674 1090 959 1152 aion-maculata
984 1113 1014 1152 es
1040 1095 1071 1152 iu

100 1197 253 1279 iniquitate
275 1209 334 1257 tna.
355 1194 435 1257 Vide
456 1195 637 1256 Manutium.

62 1301 182 1365 281110
208 1302 324 1384 aliquid
351 1301 453 1364 deesse
481 1305 572 1364 sensit
600 1301 787 1376 Lambinus,
820 1306 871 1385 qui
899 1304 1070 1388 corrigebat

100 1407 183 1471 Nam
211 1408 284 1471 dum
309 1407 410 1471 sordes
434 1410 531 1470 elnone
559 1410 627 1471 vult.
660 1409 761 1471 Possis
791 1412 881 1471 etiam
908 1412 1069 1472 emendare

100 1515 211 1579 Sordes
230 1517 267 1579 el.
290 1517 365 1590 vult,
387 1529 417 1577 et
436 1537 532 1577 venas.
546 1514 634 1577 Amb.
653 1517 689 1594 ¹4
709 1537 779 1578 cum
799 1517 867 1578 edd.
881 1518 938 1578 Ro.
953 1530 982 1579 et
996 1520 1069 1581 Min.

98 1624 180 1687 Nam
199 1622 340 1685 sontesctr
358 1644 422 1684 vern
436 1623 532 1697 nunu,
543 1637 573 1685 et
586 1644 673 1685 venua
693 1633 748 1684 etc.
770 1625 869 1686 Ceteri
882 1624 953 1686 libri
968 1629 1068 1687 nescio

20 1808 24 1813 Ι
100 1731 176 1813 quid
195 1733 281 1813 peius
300 1729 423 1792 habent
451 1792 455 1800 ,

59 1859 100 1922 29
120 1837 255 1899 Tantum
284 1834 385 1911 abest,
410 1848 445 1900 ut
468 1847 601 1900 veterem
628 1836 666 1899 de
693 1838 754 1898 suis
781 1838 861 1899 vitiis
893 1840 1068 1921 opinionem

98 1943 261 2006 hominum
289 1944 408 2018 deleat,
428 1956 464 2006 ut
490 1964 558 2005 eam
585 1944 644 2006 hac
670 1947 830 2007 severitate
857 1926 1068 2008 vobemebtius

99 2051 193 2112 etiam
223 2062 422 2113 commoveat.
450 2051 568 2114 Manat.
598 2053 633 2113 ln
656 2073 718 2135 sem
749 2051 887 2114 membro
919 2050 1006 2114 Amb.
1032 2051 1068 2113 15

99 2158 158 2219 buc
178 2158 268 2219 nsum
288 2160 362 2219 veni.

58 2264 99 2326 30
119 2265 244 2326 Livium
266 2266 402 2326 Drusum
428 2277 618 2347 praetorem,
639 2285 701 2348 qno
727 2286 819 2328 nemo
845 2267 942 2349 magis
962 2275 1069 2327 contra

98 2372 198 2452 legem
220 2369 404 2433 Scantiniam
425 2375 585 2434 commisit
607 2373 749 2434 Fortasse
764 2375 788 2435 is
803 2383 861 2447 est,
882 2372 920 2433 de
941 2393 1004 2454 quo
1021 2393 1069 2454 ep.

101 2478 246 2552 CXLIX,
259 2478 277 2538 3
292 2490 322 2540 et
335 2477 355 2539 5
368 2481 551 2543 nominatur.
566 2479 683 2541 Manut.
700 2481 735 2540 ln
748 2501 822 2542 vnce
836 2479 1006 2540 Scantiniae
1018 2478 1069 2538 hic

98 2587 192 2647 etiam
212 2587 291 2647 mira
310 2588 341 2646 in
362 2607 432 2646 mss.
453 2588 589 2648 varietas.
610 2586 690 2648 Vide
710 2608 756 2669 ep.
778 2607 844 2669 sup.
865 2596 928 2647 not.
950 2605 997 2645 21.
1018 2585 1068 2644 ln·

97 2692 146 2753 fra
166 2690 316 2777 Appium,
335 2713 426 2775 quem
447 2695 538 2774 signis
558 2702 588 2753 et
608 2690 718 2753 tabulis
739 2692 820 2753 ultra
840 2690 966 2753 modum
987 2688 1069 2750 dele-

98 2809 215 2860 ctatum
243 2819 326 2872 esse,
354 2819 521 2882 eammque
548 2819 640 2860 causa
665 2797 745 2861 male
765 2796 936 2859 audientem
964 2816 1068 2857 omnes

98 2905 242 2968 sciebant.

57 3015 95 3077 31
120 3013 189 3075 Hoc
208 3024 346 3096 tempore
360 3012 557 3097 optimatibus
578 3025 611 3076 et
630 3012 778 3097 Pompeio
792 3013 958 3074 acerrimus
971 3010 1068 3070 Curio

97 3131 166 3182 erat
185 3118 382 3182 adversarius.
403 3119 612 3183 intercedebat
631 3124 775 3204 igiturne
790 3119 846 3180 SC.
860 3118 948 3180 fieret
961 3116 999 3177 de
1014 3117 1069 3177 sti·

59 3270 63 3277 -
96 3223 225 3309 pendia,
244 3226 382 3309 Pompeii
402 3227 571 3310 legionibus
592 3227 808 3313 persolvendo3
834 3246 882 3309 ep.
903 3223 1017 3296 CCVI,
1044 3242 1067 3282 r.

99 3333 128 3394 3.
149 3331 269 3395 Mnunt.

57 3440 97 3501 32
118 3438 210 3501 Amb.
233 3438 270 3501 15
289 3439 380 3513 alter,
400 3450 431 3501 et
450 3440 629 3523 intelligitur
648 3441 832 3524 Pompeius,
853 3437 890 3499 dc
911 3457 974 3519 quo
998 3444 1066 3493 tan-

97 3557 165 3608 tum
187 3567 280 3630 supra
300 3549 436 3629 quaestio
457 3546 533 3621 fuit,
554 3569 593 3608 an
616 3546 655 3608 ad
674 3546 791 3610 bellum
812 3555 917 3608 contra
936 3538 1067 3602 Parthos

96 3654 280 3716 mitteretur.
301 3653 384 3714 Infra
404 3654 495 3716 Amb.
519 3657 554 3716 13
576 3667 608 3717 et
626 3655 697 3717 Rec.
718 3669 747 3716 et
768 3656 808 3716 vis
829 3649 993 3713 vindicabit.

58 3759 97 3822 33
119 3760 172 3821 Sic
191 3759 301 3823 Amhb.
323 3782 429 3822 omnes
450 3783 520 3824 oum
537 3761 606 3825 edd.
630 3785 692 3847 pr..
706 3774 737 3824 et
749 3764 792 3823 sic
810 3759 916 3821 Cicero
931 3774 1065 3837 semper3

97 3866 192 3950 vulgo
206 3880 326 3952 uterque
339 3868 445 3932 animo.
467 3867 574 3933 Sermo
595 3882 639 3934 est
656 3871 694 3932 de
709 3869 836 3931 Caesare
856 3876 888 3926 et
907 3863 1066 3946 Pompeio.
