<?xml version="1.0" encoding="UTF-8"?>
<!DOCTYPE html PUBLIC "-//W3C//DTD XHTML 1.0 Transitional//EN"
    "http://www.w3.org/TR/xhtml1/DTD/xhtml1-transitional.dtd">
<html xmlns="http://www.w3.org/1999/xhtml" xml:lang="en" lang="en">
 <head>
  <title>
</title>
<meta http-equiv="Content-Type" content="text/html;charset=utf-8" />
  <meta name='ocr-system' content='tesseract 3.04.00' />
  <meta name='ocr-capabilities' content='ocr_page ocr_carea ocr_par ocr_line ocrx_word'/>
</head>
<body>
  <div class='ocr_page' id='page_1' title='image "./mtulliiciceroni59cicegoog/mtulliiciceroni59cicegoog_0139.png"; bbox 0 0 2626 4854; ppageno 0'>
   <div class='ocr_carea' id='block_1_1' title="bbox 51 321 1152 2453">
    <p class='ocr_par' dir='ltr' id='par_1_1' title="bbox 148 321 1151 800">
     <span class='ocr_line' id='line_1_1' title="bbox 155 321 1128 415; baseline 0.004 -30"><span class='ocrx_word' id='word_1_1' title='bbox 155 321 221 415; x_wconf 65' lang='lat'>¹34</span> <span class='ocrx_word' id='word_1_2' title='bbox 478 336 648 386; x_wconf 80' lang='lat' dir='ltr'>urrsroca</span> <span class='ocrx_word' id='word_1_3' title='bbox 674 339 821 386; x_wconf 75' lang='lat' dir='ltr'>cccxxii.</span> <span class='ocrx_word' id='word_1_4' title='bbox 930 337 961 387; x_wconf 73' lang='lat' dir='ltr'>s.</span> <span class='ocrx_word' id='word_1_5' title='bbox 980 341 1015 388; x_wconf 90' lang='lat' dir='ltr'>v.</span> <span class='ocrx_word' id='word_1_6' title='bbox 1033 339 1063 389; x_wconf 89' lang='lat' dir='ltr'>c.</span> <span class='ocrx_word' id='word_1_7' title='bbox 1081 340 1128 402; x_wconf 80' lang='lat'>⁷⁰³</span> 
     </span>
     <span class='ocr_line' id='line_1_2' title="bbox 150 439 1150 546; baseline -0.004 -27"><span class='ocrx_word' id='word_1_8' title='bbox 150 471 241 546; x_wconf 85' lang='lat' dir='ltr'>gnax</span> <span class='ocrx_word' id='word_1_9' title='bbox 264 446 301 516; x_wconf 93' lang='lat' dir='ltr'>in</span> <span class='ocrx_word' id='word_1_10' title='bbox 327 444 444 542; x_wconf 92' lang='lat' dir='ltr'>vitiis,</span> <span class='ocrx_word' id='word_1_11' title='bbox 467 467 582 543; x_wconf 89' lang='lat' dir='ltr'>neque</span> <span class='ocrx_word' id='word_1_12' title='bbox 599 439 706 513; x_wconf 88' lang='lat' dir='ltr'>hebes</span> <span class='ocrx_word' id='word_1_13' title='bbox 727 440 743 506; x_wconf 84' lang='lat' dir='ltr'>l</span> <span class='ocrx_word' id='word_1_14' title='bbox 768 439 815 513; x_wconf 92' lang='lat' dir='ltr'>ad</span> <span class='ocrx_word' id='word_1_15' title='bbox 831 439 886 541; x_wconf 89' lang='lat' dir='ltr'>id,</span> <span class='ocrx_word' id='word_1_16' title='bbox 912 440 1012 542; x_wconf 91' lang='lat' dir='ltr'>quod</span> <span class='ocrx_word' id='word_1_17' title='bbox 1028 441 1150 516; x_wconf 89' lang='lat' dir='ltr'>melius</span> 
     </span>
     <span class='ocr_line' id='line_1_3' title="bbox 148 567 1151 673; baseline -0.004 -26"><span class='ocrx_word' id='word_1_18' title='bbox 148 575 210 673; x_wconf 92' lang='lat' dir='ltr'>sit,</span> <span class='ocrx_word' id='word_1_19' title='bbox 233 569 510 670; x_wconf 82' lang='lat' dir='ltr'>intelligendum</span> <span class='ocrx_word' id='word_1_20' title='bbox 535 567 671 641; x_wconf 87' lang='lat' dir='ltr'>Deinde</span> <span class='ocrx_word' id='word_1_21' title='bbox 703 567 827 670; x_wconf 92' lang='lat' dir='ltr'>(quod</span> <span class='ocrx_word' id='word_1_22' title='bbox 857 570 1052 642; x_wconf 86' lang='lat' dir='ltr'>maximum</span> <span class='ocrx_word' id='word_1_23' title='bbox 1077 581 1151 661; x_wconf 84' lang='lat' dir='ltr'>est)</span> 
     </span>
     <span class='ocr_line' id='line_1_4' title="bbox 148 696 704 800; baseline -0.009 -26"><span class='ocrx_word' id='word_1_24' title='bbox 148 726 213 800; x_wconf 84' lang='lat' dir='ltr'>ego</span> <span class='ocrx_word' id='word_1_25' title='bbox 238 698 337 772; x_wconf 91' lang='lat' dir='ltr'>illum</span> <span class='ocrx_word' id='word_1_26' title='bbox 362 696 465 773; x_wconf 87' lang='lat' dir='ltr'>valde</span> <span class='ocrx_word' id='word_1_27' title='bbox 491 722 581 770; x_wconf 88' lang='lat' dir='ltr'>amo.</span> <span class='ocrx_word' id='word_1_28' title='bbox 699 708 704 721; x_wconf 94' lang='lat'><em>&#39;</em></span> 
     </span>
    </p>

    <p class='ocr_par' dir='ltr' id='par_1_2' title="bbox 51 823 1152 2453">
     <span class='ocr_line' id='line_1_5' title="bbox 200 823 1151 925; baseline -0.005 -25"><span class='ocrx_word' id='word_1_29' title='bbox 200 855 220 900; x_wconf 85' lang='lat'><em>2</em></span> <span class='ocrx_word' id='word_1_30' title='bbox 247 825 371 925; x_wconf 88' lang='lat' dir='ltr'>Voles,</span> <span class='ocrx_word' id='word_1_31' title='bbox 404 824 545 924; x_wconf 91' lang='lat' dir='ltr'>Cicero,</span> <span class='ocrx_word' id='word_1_32' title='bbox 582 823 806 898; x_wconf 83' lang='lat' dir='ltr'>Curionem⁵</span> <span class='ocrx_word' id='word_1_33' title='bbox 832 836 992 897; x_wconf 88' lang='lat' dir='ltr'>nostrum</span> <span class='ocrx_word' id='word_1_34' title='bbox 1018 823 1151 896; x_wconf 90' lang='lat' dir='ltr'>lautum</span> 
     </span>
     <span class='ocr_line' id='line_1_6' title="bbox 148 948 1151 1052; baseline -0.005 -25"><span class='ocrx_word' id='word_1_35' title='bbox 148 952 407 1027; x_wconf 76' lang='lat' dir='ltr'>intercessionis</span> <span class='ocrx_word' id='word_1_36' title='bbox 424 955 440 1002; x_wconf 86' lang='lat'><strong>⁶</strong></span> <span class='ocrx_word' id='word_1_37' title='bbox 456 951 500 1024; x_wconf 90' lang='lat' dir='ltr'>de</span> <span class='ocrx_word' id='word_1_38' title='bbox 516 951 710 1052; x_wconf 86' lang='lat' dir='ltr'>provinciis</span> <span class='ocrx_word' id='word_1_39' title='bbox 727 951 858 1025; x_wconf 88' lang='lat' dir='ltr'>exitum</span> <span class='ocrx_word' id='word_1_40' title='bbox 875 948 1051 1024; x_wconf 89' lang='lat' dir='ltr'>habuisse.</span> <span class='ocrx_word' id='word_1_41' title='bbox 1063 950 1151 1024; x_wconf 91' lang='lat' dir='ltr'>Nam</span> 
     </span>
     <span class='ocr_line' id='line_1_7' title="bbox 148 1077 1151 1182; baseline -0.001 -30"><span class='ocrx_word' id='word_1_42' title='bbox 148 1107 256 1182; x_wconf 93' lang='lat' dir='ltr'>quum</span> <span class='ocrx_word' id='word_1_43' title='bbox 275 1078 319 1153; x_wconf 92' lang='lat' dir='ltr'>de</span> <span class='ocrx_word' id='word_1_44' title='bbox 336 1078 585 1153; x_wconf 83' lang='lat' dir='ltr'>intercessione</span> <span class='ocrx_word' id='word_1_45' title='bbox 601 1078 808 1178; x_wconf 77' lang='lat' dir='ltr'>referretur,</span> <span class='ocrx_word' id='word_1_46' title='bbox 833 1105 923 1181; x_wconf 89' lang='lat' dir='ltr'>quae</span> <span class='ocrx_word' id='word_1_47' title='bbox 945 1077 1072 1153; x_wconf 88' lang='lat' dir='ltr'>relatio</span> <span class='ocrx_word' id='word_1_48' title='bbox 1093 1081 1151 1152; x_wconf 87' lang='lat' dir='ltr'>lie-</span> 
     </span>
     <span class='ocr_line' id='line_1_8' title="bbox 147 1205 1152 1307; baseline 0.001 -29"><span class='ocrx_word' id='word_1_49' title='bbox 147 1205 243 1278; x_wconf 84' lang='lat' dir='ltr'>bat7</span> <span class='ocrx_word' id='word_1_50' title='bbox 272 1232 314 1278; x_wconf 86' lang='lat' dir='ltr'>ex</span> <span class='ocrx_word' id='word_1_51' title='bbox 340 1219 479 1279; x_wconf 92' lang='lat' dir='ltr'>senatus</span> <span class='ocrx_word' id='word_1_52' title='bbox 506 1205 686 1305; x_wconf 90' lang='lat' dir='ltr'>consulto,</span> <span class='ocrx_word' id='word_1_53' title='bbox 719 1207 902 1307; x_wconf 90' lang='lat' dir='ltr'>primaque</span> <span class='ocrx_word' id='word_1_54' title='bbox 927 1208 976 1279; x_wconf 89' lang='lat' dir='ltr'>M.</span> <span class='ocrx_word' id='word_1_55' title='bbox 998 1206 1152 1279; x_wconf 87' lang='lat' dir='ltr'>Marcelli</span> 
     </span>
     <span class='ocr_line' id='line_1_9' title="bbox 148 1332 1152 1434; baseline 0.001 -29"><span class='ocrx_word' id='word_1_56' title='bbox 148 1333 320 1406; x_wconf 89' lang='lat' dir='ltr'>sententia</span> <span class='ocrx_word' id='word_1_57' title='bbox 345 1332 572 1432; x_wconf 87' lang='lat' dir='ltr'>pronuntiata</span> <span class='ocrx_word' id='word_1_58' title='bbox 599 1347 705 1433; x_wconf 88' lang='lat' dir='ltr'>esset,</span> <span class='ocrx_word' id='word_1_59' title='bbox 722 1334 783 1434; x_wconf 92' lang='lat' dir='ltr'>qui</span> <span class='ocrx_word' id='word_1_60' title='bbox 800 1333 975 1432; x_wconf 83' lang='lat' dir='ltr'>agendum</span> <span class='ocrx_word' id='word_1_61' title='bbox 995 1359 1080 1406; x_wconf 91' lang='lat' dir='ltr'>cum</span> <span class='ocrx_word' id='word_1_62' title='bbox 1098 1335 1152 1406; x_wconf 85' lang='lat' dir='ltr'>tri·</span> 
     </span>
     <span class='ocr_line' id='line_1_10' title="bbox 147 1458 1150 1560; baseline 0.004 -29"><span class='ocrx_word' id='word_1_63' title='bbox 147 1458 285 1532; x_wconf 80' lang='lat' dir='ltr'>bunis⁸</span> <span class='ocrx_word' id='word_1_64' title='bbox 310 1458 423 1559; x_wconf 93' lang='lat' dir='ltr'>plebis</span> <span class='ocrx_word' id='word_1_65' title='bbox 449 1458 637 1532; x_wconf 86' lang='lat' dir='ltr'>censebat:</span> <span class='ocrx_word' id='word_1_66' title='bbox 663 1459 825 1560; x_wconf 80' lang='lat' dir='ltr'>frequens</span> <span class='ocrx_word' id='word_1_67' title='bbox 849 1474 991 1534; x_wconf 90' lang='lat' dir='ltr'>senatus</span> <span class='ocrx_word' id='word_1_68' title='bbox 1017 1461 1056 1533; x_wconf 93' lang='lat' dir='ltr'>in</span> <span class='ocrx_word' id='word_1_69' title='bbox 1088 1459 1150 1535; x_wconf 92' lang='lat' dir='ltr'>alia</span> 
     </span>
     <span class='ocr_line' id='line_1_11' title="bbox 147 1585 1149 1688; baseline 0.001 -28"><span class='ocrx_word' id='word_1_70' title='bbox 147 1587 266 1660; x_wconf 92' lang='lat' dir='ltr'>omnia</span> <span class='ocrx_word' id='word_1_71' title='bbox 291 1586 333 1658; x_wconf 91' lang='lat' dir='ltr'>iit</span> <span class='ocrx_word' id='word_1_72' title='bbox 353 1603 377 1657; x_wconf 85' lang='lat'>9.</span> <span class='ocrx_word' id='word_1_73' title='bbox 404 1585 594 1660; x_wconf 85' lang='lat' dir='ltr'>Stomacho</span> <span class='ocrx_word' id='word_1_74' title='bbox 621 1601 675 1659; x_wconf 90' lang='lat' dir='ltr'>est</span> <span class='ocrx_word' id='word_1_75' title='bbox 700 1586 832 1660; x_wconf 90' lang='lat' dir='ltr'>scilicet</span> <span class='ocrx_word' id='word_1_76' title='bbox 855 1587 1048 1688; x_wconf 89' lang='lat' dir='ltr'>Pompeius</span> <span class='ocrx_word' id='word_1_77' title='bbox 1078 1589 1149 1661; x_wconf 89' lang='lat' dir='ltr'>Ma-</span> 
     </span>
     <span class='ocr_line' id='line_1_12' title="bbox 51 1712 1150 1825; baseline 0.003 -42"><span class='ocrx_word' id='word_1_78' title='bbox 51 1764 54 1769; x_wconf 84' lang='lat'>·</span> <span class='ocrx_word' id='word_1_79' title='bbox 148 1739 235 1811; x_wconf 88' lang='lat' dir='ltr'>gnus</span> <span class='ocrx_word' id='word_1_80' title='bbox 257 1730 286 1763; x_wconf 89' lang='lat'>¹⁰</span> <span class='ocrx_word' id='word_1_81' title='bbox 312 1738 406 1786; x_wconf 91' lang='lat' dir='ltr'>nunc</span> <span class='ocrx_word' id='word_1_82' title='bbox 430 1714 479 1785; x_wconf 91' lang='lat' dir='ltr'>ita</span> <span class='ocrx_word' id='word_1_83' title='bbox 504 1712 709 1813; x_wconf 85' lang='lat' dir='ltr'>languenti,</span> <span class='ocrx_word' id='word_1_84' title='bbox 733 1727 773 1786; x_wconf 90' lang='lat' dir='ltr'>ut</span> <span class='ocrx_word' id='word_1_85' title='bbox 800 1714 857 1787; x_wconf 87' lang='lat' dir='ltr'>vix</span> <span class='ocrx_word' id='word_1_86' title='bbox 881 1714 941 1815; x_wconf 93' lang='lat' dir='ltr'>id,</span> <span class='ocrx_word' id='word_1_87' title='bbox 966 1714 1150 1825; x_wconf 52' lang='lat' dir='ltr'>qqusibi</span> 
     </span>
     <span class='ocr_line' id='line_1_13' title="bbox 147 1836 1150 1941; baseline 0.005 -30"><span class='ocrx_word' id='word_1_88' title='bbox 147 1839 302 1940; x_wconf 91' lang='lat' dir='ltr'>placeat,</span> <span class='ocrx_word' id='word_1_89' title='bbox 318 1841 478 1940; x_wconf 90' lang='lat' dir='ltr'>reperiat.</span> <span class='ocrx_word' id='word_1_90' title='bbox 496 1841 724 1915; x_wconf 87' lang='lat' dir='ltr'>Transierant</span> <span class='ocrx_word' id='word_1_91' title='bbox 739 1852 773 1892; x_wconf 85' lang='lat'>¹¹&#39;</span> <span class='ocrx_word' id='word_1_92' title='bbox 784 1840 885 1941; x_wconf 91' lang='lat' dir='ltr'>illuc,</span> <span class='ocrx_word' id='word_1_93' title='bbox 901 1855 941 1914; x_wconf 90' lang='lat' dir='ltr'>ut</span> <span class='ocrx_word' id='word_1_94' title='bbox 954 1836 1046 1915; x_wconf 83' lang='lat' dir='ltr'>ratio</span> <span class='ocrx_word' id='word_1_95' title='bbox 1064 1857 1150 1916; x_wconf 90' lang='lat' dir='ltr'>esset</span> 
     </span>
     <span class='ocr_line' id='line_1_14' title="bbox 148 1966 1150 2071; baseline 0.004 -33"><span class='ocrx_word' id='word_1_96' title='bbox 148 1966 222 2039; x_wconf 86' lang='lat' dir='ltr'>eius</span> <span class='ocrx_word' id='word_1_97' title='bbox 241 1966 404 2039; x_wconf 88' lang='lat' dir='ltr'>habenda</span> <span class='ocrx_word' id='word_1_98' title='bbox 425 1984 472 2067; x_wconf 81' lang='lat'>¹²,</span> <span class='ocrx_word' id='word_1_99' title='bbox 498 1968 688 2071; x_wconf 84' lang='lat' dir='ltr'>quinoque</span> <span class='ocrx_word' id='word_1_100' title='bbox 706 1969 915 2067; x_wconf 89' lang='lat' dir='ltr'>exereitum,</span> <span class='ocrx_word' id='word_1_101' title='bbox 940 1995 1057 2070; x_wconf 90' lang='lat' dir='ltr'>neque</span> <span class='ocrx_word' id='word_1_102' title='bbox 1077 1996 1150 2071; x_wconf 91' lang='lat' dir='ltr'>pro-</span> 
     </span>
     <span class='ocr_line' id='line_1_15' title="bbox 146 2082 1147 2188; baseline 0.002 -22"><span class='ocrx_word' id='word_1_103' title='bbox 146 2093 280 2166; x_wconf 87' lang='lat' dir='ltr'>vincias</span> <span class='ocrx_word' id='word_1_104' title='bbox 306 2093 443 2166; x_wconf 85' lang='lat' dir='ltr'>tradere</span> <span class='ocrx_word' id='word_1_105' title='bbox 469 2094 583 2169; x_wconf 86' lang='lat' dir='ltr'>vellet.</span> <span class='ocrx_word' id='word_1_106' title='bbox 609 2095 919 2188; x_wconf 86' lang='lat' dir='ltr'>Quemadmodum</span> <span class='ocrx_word' id='word_1_107' title='bbox 948 2082 1019 2171; x_wconf 86' lang='lat' dir='ltr'>hoc</span> <span class='ocrx_word' id='word_1_108' title='bbox 1045 2100 1147 2171; x_wconf 89' lang='lat' dir='ltr'>Pom·</span> 
     </span>
     <span class='ocr_line' id='line_1_16' title="bbox 145 2207 1148 2326; baseline 0.01 -38"><span class='ocrx_word' id='word_1_109' title='bbox 145 2218 247 2317; x_wconf 88' lang='lat' dir='ltr'>peius</span> <span class='ocrx_word' id='word_1_110' title='bbox 273 2217 405 2292; x_wconf 90' lang='lat' dir='ltr'>laturus</span> <span class='ocrx_word' id='word_1_111' title='bbox 430 2222 494 2321; x_wconf 92' lang='lat' dir='ltr'>sit,</span> <span class='ocrx_word' id='word_1_112' title='bbox 527 2249 636 2322; x_wconf 92' lang='lat' dir='ltr'>quum</span> <span class='ocrx_word' id='word_1_113' title='bbox 661 2207 870 2324; x_wconf 85' lang='lat' dir='ltr'>cognoseat,</span> <span class='ocrx_word' id='word_1_114' title='bbox 901 2224 1075 2326; x_wconf 83' lang='lat' dir='ltr'>quidnam</span> <span class='ocrx_word' id='word_1_115' title='bbox 1106 2225 1148 2298; x_wconf 90' lang='lat' dir='ltr'>rei</span> 
     </span>
     <span class='ocr_line' id='line_1_17' title="bbox 147 2343 1147 2453; baseline 0.008 -38"><span class='ocrx_word' id='word_1_116' title='bbox 147 2343 309 2445; x_wconf 90' lang='lat' dir='ltr'>publicae</span> <span class='ocrx_word' id='word_1_117' title='bbox 335 2345 490 2420; x_wconf 84' lang='lat' dir='ltr'>futumm</span> <span class='ocrx_word' id='word_1_118' title='bbox 515 2349 576 2448; x_wconf 91' lang='lat' dir='ltr'>sit,</span> <span class='ocrx_word' id='word_1_119' title='bbox 602 2351 632 2422; x_wconf 88' lang='lat' dir='ltr'>si</span> <span class='ocrx_word' id='word_1_120' title='bbox 659 2365 816 2425; x_wconf 90' lang='lat' dir='ltr'>autnon</span> <span class='ocrx_word' id='word_1_121' title='bbox 844 2353 978 2453; x_wconf 81' lang='lat' dir='ltr'>possit,</span> <span class='ocrx_word' id='word_1_122' title='bbox 1005 2367 1147 2425; x_wconf 90' lang='lat' dir='ltr'>autnon</span> 
     </span>
    </p>
   </div>
   <div class='ocr_carea' id='block_1_2' title="bbox 147 2473 1145 2827">
    <p class='ocr_par' dir='ltr' id='par_1_3' title="bbox 147 2473 1145 2827">
     <span class='ocr_line' id='line_1_18' title="bbox 148 2473 876 2583; baseline 0.008 -40"><span class='ocrx_word' id='word_1_123' title='bbox 148 2485 247 2543; x_wconf 89' lang='lat' dir='ltr'>curet</span> <span class='ocrx_word' id='word_1_124' title='bbox 267 2473 312 2570; x_wconf 84' lang='lat'>¹³,</span> <span class='ocrx_word' id='word_1_125' title='bbox 337 2498 401 2583; x_wconf 81' lang='lat' dir='ltr'>vos</span> <span class='ocrx_word' id='word_1_126' title='bbox 427 2500 528 2548; x_wconf 88' lang='lat' dir='ltr'>senes</span> <span class='ocrx_word' id='word_1_127' title='bbox 554 2475 683 2550; x_wconf 88' lang='lat' dir='ltr'>divites</span> <span class='ocrx_word' id='word_1_128' title='bbox 710 2477 876 2550; x_wconf 91' lang='lat' dir='ltr'>videritis.</span> 
     </span>
     <span class='ocr_line' id='line_1_19' title="bbox 198 2598 1145 2706; baseline 0.007 -36"><span class='ocrx_word' id='word_1_129' title='bbox 198 2598 220 2670; x_wconf 88' lang='grc'>3</span> <span class='ocrx_word' id='word_1_130' title='bbox 248 2599 291 2690; x_wconf 85' lang='lat' dir='ltr'>Q.</span> <span class='ocrx_word' id='word_1_131' title='bbox 311 2600 539 2700; x_wconf 75' lang='lat' dir='ltr'>Hortensius,</span> <span class='ocrx_word' id='word_1_132' title='bbox 564 2631 673 2704; x_wconf 91' lang='lat' dir='ltr'>quum</span> <span class='ocrx_word' id='word_1_133' title='bbox 699 2604 762 2677; x_wconf 79' lang='lat' dir='ltr'>lias</span> <span class='ocrx_word' id='word_1_134' title='bbox 780 2605 899 2679; x_wconf 89' lang='lat' dir='ltr'>literas</span> <span class='ocrx_word' id='word_1_135' title='bbox 918 2607 1061 2706; x_wconf 90' lang='lat' dir='ltr'>scripsi,</span> <span class='ocrx_word' id='word_1_136' title='bbox 1085 2606 1145 2678; x_wconf 88' lang='lat' dir='ltr'>ani-</span> 
     </span>
     <span class='ocr_line' id='line_1_20' title="bbox 147 2728 401 2827; baseline 0.008 -29"><span class='ocrx_word' id='word_1_137' title='bbox 147 2751 240 2799; x_wconf 89' lang='lat' dir='ltr'>mam</span> <span class='ocrx_word' id='word_1_138' title='bbox 267 2728 401 2827; x_wconf 82' lang='lat' dir='ltr'>agebat.</span> 
     </span>
    </p>
   </div>
   <div class='ocr_carea' id='block_1_3' title="bbox 545 2983 1126 3090">
    <p class='ocr_par' dir='ltr' id='par_1_4' title="bbox 545 2983 1126 3090">
     <span class='ocr_line' id='line_1_21' title="bbox 545 2983 1126 3090; baseline 0.022 -34"><span class='ocrx_word' id='word_1_139' title='bbox 545 2983 777 3056; x_wconf 86' lang='lat' dir='ltr'><strong>CCLXXIII.</strong></span> <span class='ocrx_word' id='word_1_140' title='bbox 902 3031 912 3084; x_wconf 74' lang='grc'>(</span> <span class='ocrx_word' id='word_1_141' title='bbox 922 3028 956 3073; x_wconf 60' lang='lat' dir='ltr'>Ad</span> <span class='ocrx_word' id='word_1_142' title='bbox 970 3030 1023 3075; x_wconf 58' lang='lat' dir='ltr'>ni„</span> <span class='ocrx_word' id='word_1_143' title='bbox 1033 3032 1070 3090; x_wconf 84' lang='lat' dir='ltr'>u,</span> <span class='ocrx_word' id='word_1_144' title='bbox 1088 3032 1126 3086; x_wconf 66' lang='grc'>,5)</span> 
     </span>
    </p>
   </div>
   <div class='ocr_carea' id='block_1_4' title="bbox 73 3153 1148 3574">
    <p class='ocr_par' dir='ltr' id='par_1_5' title="bbox 73 3153 1148 3574">
     <span class='ocr_line' id='line_1_22' title="bbox 145 3153 1148 3250; baseline 0.017 -39"><span class='ocrx_word' id='word_1_145' title='bbox 145 3153 366 3233; x_wconf 78' lang='lat' dir='ltr'>Argumentum.</span> <span class='ocrx_word' id='word_1_146' title='bbox 391 3180 401 3216; x_wconf 87' lang='lat'><em>1</em></span> <span class='ocrx_word' id='word_1_147' title='bbox 426 3160 546 3221; x_wconf 87' lang='lat' dir='ltr'>Gratias</span> <span class='ocrx_word' id='word_1_148' title='bbox 568 3163 629 3241; x_wconf 85' lang='lat' dir='ltr'>agit</span> <span class='ocrx_word' id='word_1_149' title='bbox 651 3162 754 3224; x_wconf 89' lang='lat' dir='ltr'>Caelio</span> <span class='ocrx_word' id='word_1_150' title='bbox 775 3184 832 3246; x_wconf 91' lang='lat' dir='ltr'>pro</span> <span class='ocrx_word' id='word_1_151' title='bbox 853 3164 990 3226; x_wconf 86' lang='lat' dir='ltr'>confecta</span> <span class='ocrx_word' id='word_1_152' title='bbox 1003 3167 1148 3250; x_wconf 87' lang='lat' dir='ltr'>supplica-</span> 
     </span>
     <span class='ocr_line' id='line_1_23' title="bbox 73 3262 1147 3349; baseline 0.019 -34"><span class='ocrx_word' id='word_1_153' title='bbox 73 3342 78 3349; x_wconf 22' lang='lat'><em>.</em></span> <span class='ocrx_word' id='word_1_154' title='bbox 185 3262 276 3320; x_wconf 89' lang='lat' dir='ltr'>tione.</span> <span class='ocrx_word' id='word_1_155' title='bbox 298 3281 315 3320; x_wconf 84' lang='lat'><strong>2</strong></span> <span class='ocrx_word' id='word_1_156' title='bbox 336 3264 481 3326; x_wconf 86' lang='lat' dir='ltr'>Laetatur</span> <span class='ocrx_word' id='word_1_157' title='bbox 500 3268 695 3331; x_wconf 90' lang='lat' dir='ltr'>Dolabellam</span> <span class='ocrx_word' id='word_1_158' title='bbox 722 3269 762 3329; x_wconf 94' lang='lat' dir='ltr'>ab</span> <span class='ocrx_word' id='word_1_159' title='bbox 789 3292 826 3332; x_wconf 90' lang='lat' dir='ltr'>eo</span> <span class='ocrx_word' id='word_1_160' title='bbox 852 3272 972 3334; x_wconf 89' lang='lat' dir='ltr'>laudari</span> <span class='ocrx_word' id='word_1_161' title='bbox 999 3286 1031 3335; x_wconf 91' lang='lat' dir='ltr'>et</span> <span class='ocrx_word' id='word_1_162' title='bbox 1051 3277 1147 3335; x_wconf 88' lang='lat' dir='ltr'>amari.</span> 
     </span>
     <span class='ocr_line' id='line_1_24' title="bbox 186 3365 1147 3458; baseline 0.017 -34"><span class='ocrx_word' id='word_1_163' title='bbox 186 3366 204 3425; x_wconf 92' lang='grc'>3</span> <span class='ocrx_word' id='word_1_164' title='bbox 227 3365 383 3430; x_wconf 90' lang='lat' dir='ltr'>Solicitum</span> <span class='ocrx_word' id='word_1_165' title='bbox 404 3393 435 3432; x_wconf 88' lang='lat' dir='ltr'>se</span> <span class='ocrx_word' id='word_1_166' title='bbox 456 3373 493 3433; x_wconf 86' lang='lat' dir='ltr'>de</span> <span class='ocrx_word' id='word_1_167' title='bbox 507 3395 539 3434; x_wconf 87' lang='lat' dir='ltr'>re</span> <span class='ocrx_word' id='word_1_168' title='bbox 553 3374 676 3457; x_wconf 87' lang='lat' dir='ltr'>publiea</span> <span class='ocrx_word' id='word_1_169' title='bbox 690 3399 752 3438; x_wconf 89' lang='lat' dir='ltr'>esse</span> <span class='ocrx_word' id='word_1_170' title='bbox 769 3378 888 3441; x_wconf 86' lang='lat' dir='ltr'>fatetur.</span> <span class='ocrx_word' id='word_1_171' title='bbox 902 3380 923 3458; x_wconf 81' lang='grc'>4</span> <span class='ocrx_word' id='word_1_172' title='bbox 937 3380 1001 3441; x_wconf 90' lang='lat' dir='ltr'>Cur</span> <span class='ocrx_word' id='word_1_173' title='bbox 1016 3381 1147 3442; x_wconf 87' lang='lat' dir='ltr'>Caelium</span> 
     </span>
     <span class='ocr_line' id='line_1_25' title="bbox 186 3472 1146 3574; baseline 0.016 -42"><span class='ocrx_word' id='word_1_174' title='bbox 186 3472 316 3535; x_wconf 88' lang='lat' dir='ltr'>Caldum</span> <span class='ocrx_word' id='word_1_175' title='bbox 348 3491 539 3559; x_wconf 87' lang='lat' dir='ltr'>quaestorem</span> <span class='ocrx_word' id='word_1_176' title='bbox 560 3485 735 3566; x_wconf 90' lang='lat' dir='ltr'>provinciae</span> <span class='ocrx_word' id='word_1_177' title='bbox 762 3489 994 3570; x_wconf 86' lang='lat' dir='ltr'>praeposuerit,</span> <span class='ocrx_word' id='word_1_178' title='bbox 1026 3490 1146 3574; x_wconf 82' lang='lat' dir='ltr'>exponit</span> 
     </span>
    </p>
   </div>
   <div class='ocr_carea' id='block_1_5' title="bbox 184 3578 1144 3770">
    <p class='ocr_par' dir='ltr' id='par_1_6' title="bbox 184 3578 1144 3770">
     <span class='ocr_line' id='line_1_26' title="bbox 184 3578 1144 3687; baseline 0.016 -48"><span class='ocrx_word' id='word_1_179' title='bbox 184 3578 205 3640; x_wconf 80' lang='lat'><strong><em>5</em></strong></span> <span class='ocrx_word' id='word_1_180' title='bbox 225 3580 317 3644; x_wconf 86' lang='lat' dir='ltr'>Addit</span> <span class='ocrx_word' id='word_1_181' title='bbox 338 3587 487 3687; x_wconf 83' lang='lat' dir='ltr'>quaedam</span> <span class='ocrx_word' id='word_1_182' title='bbox 509 3588 547 3652; x_wconf 90' lang='lat' dir='ltr'>de</span> <span class='ocrx_word' id='word_1_183' title='bbox 568 3589 691 3668; x_wconf 88' lang='lat' dir='ltr'>Ocella,</span> <span class='ocrx_word' id='word_1_184' title='bbox 712 3605 741 3656; x_wconf 88' lang='lat' dir='ltr'>et</span> <span class='ocrx_word' id='word_1_185' title='bbox 768 3616 798 3657; x_wconf 89' lang='lat' dir='ltr'>se</span> <span class='ocrx_word' id='word_1_186' title='bbox 820 3617 889 3658; x_wconf 91' lang='lat' dir='ltr'>eum</span> <span class='ocrx_word' id='word_1_187' title='bbox 917 3616 987 3659; x_wconf 85' lang='lat' dir='ltr'>mox</span> <span class='ocrx_word' id='word_1_188' title='bbox 1016 3600 1144 3661; x_wconf 87' lang='lat' dir='ltr'>visurum</span> 
     </span>
     <span class='ocr_line' id='line_1_27' title="bbox 185 3699 294 3770; baseline 0.073 -27"><span class='ocrx_word' id='word_1_189' title='bbox 185 3699 294 3770; x_wconf 77' lang='lat' dir='ltr'>sperat.</span> 
     </span>
    </p>
   </div>
   <div class='ocr_carea' id='block_1_6' title="bbox 0 0 1318 4854">
    <p class='ocr_par' dir='ltr' id='par_1_7' title="bbox 0 0 1318 4854">
     <span class='ocr_line' id='line_1_28' title="bbox 0 0 1318 4854; baseline 0 0"><span class='ocrx_word' id='word_1_190' title='bbox 0 0 1318 4854; x_wconf 95' lang='lat' dir='ltr'> </span> 
     </span>
    </p>
   </div>
  </div>
 </body>
</html>
