2626 4854
193 328 260 421 144
516 344 687 395 arrsrom
715 346 857 394 cclxxv.
973 342 1007 392 Δ.
1022 344 1057 394 v.
1075 346 1106 394 c.
1124 344 1170 407 2⁰³

183 479 283 527 meae
301 453 427 549 7.·Ego
453 474 539 523 vero
564 448 671 523 velim
695 447 798 547 mihi,
831 445 1039 550 Tulliaeque
1075 476 1191 548 meae,

185 582 276 654 sicut
301 593 340 651 tu
366 576 576 650 amicissime
602 589 638 649 et
658 575 861 649 suavissime
878 587 1000 675 optas,
1024 601 1192 678 prospere

183 707 324 781 evenire
342 730 400 803 ea,
424 729 530 805 quae,
543 727 601 775 me
617 703 806 802 insciente,
823 700 914 775 facta
932 716 1054 776 sunta
1071 705 1192 778 meist:

184 833 314 906 sedita
332 829 518 929 cecidisse,
533 842 575 901 ut
592 842 777 928 agerentur
794 854 837 902 eo
854 842 1016 931 tempore
1032 847 1066 930 9,
1091 855 1192 932 spero

182 960 328 1034 omnino
355 983 436 1032 cum
460 955 576 1058 aliqua
601 955 789 1054 felicitate,
815 970 852 1028 ct
876 969 974 1056 opto.
998 956 1192 1030 Verumta-

183 1113 266 1161 men
291 1085 370 1187 plus
395 1110 452 1158 me
477 1085 516 1157 in
540 1082 608 1157 hac
634 1109 699 1184 spe
725 1096 786 1156 tua
811 1083 986 1183 sapientia
1010 1099 1041 1135 ¹⁰
1068 1097 1106 1157 et
1130 1082 1191 1156 hu-

183 1215 334 1287 manitas
360 1210 579 1311 consolatur,
604 1234 712 1311 quam
737 1211 987 1310 opportunitas
1012 1211 1189 1312 temporis.

184 1343 326 1442 Itaque,
351 1336 654 1441 quemadmodum
671 1335 857 1436 expediam
873 1337 1006 1409 exitum
1022 1335 1129 1410 buius
1146 1338 1190 1408 in

138 1474 162 1559 t
183 1469 326 1540 stitutae
345 1467 533 1564 orationis,
548 1489 623 1537 non
641 1464 789 1564 reperio.
807 1463 929 1566 Neque
947 1464 1043 1536 enim
1062 1465 1189 1538 tristius

183 1593 300 1667 dicere
326 1594 516 1695 quicquam
542 1591 655 1664 debeo
682 1617 723 1664 ca
741 1590 841 1664 dere
860 1606 913 1689 ¹¹,
937 1617 1047 1692 quam
1063 1605 1104 1666 tu
1120 1593 1188 1693 ipse

182 1719 358 1794 ominibus
384 1719 530 1820 optimis
555 1719 786 1819 prosequeris.
812 1717 936 1819 Neque
961 1743 1037 1792 non
1061 1743 1121 1794 me
1143 1731 1189 1790 ta·

181 1872 265 1919 men
282 1845 424 1920 mordet
441 1843 574 1946 aliquid
591 1860 629 1917 ¹³.
645 1846 687 1917 In
706 1869 777 1944 (pro
794 1869 904 1917 unum
920 1869 995 1917 non
1012 1869 1139 1918 vereor
1150 1845 1188 1941 ¹³,

182 1998 227 2045 ne
253 1958 292 2045 tu
319 1999 446 2072 pamm
470 1972 683 2072 perspicias,
711 1996 772 2068 ea,
798 1985 1002 2071 quaegesta
1023 1984 1126 2071 sunt,
1149 1970 1187 2043 ab

182 2098 257 2172 aliis
277 2098 308 2164 ¹4
333 2126 408 2172 esse
435 2112 551 2197 gesta,
577 2098 703 2200 quibus
730 2124 796 2196 ego
821 2100 870 2171 ita
888 2096 1116 2197 mandaram,
1140 2112 1188 2196 ut,

183 2252 293 2327 quum
316 2238 391 2298 tam
414 2223 519 2322 longe
546 2225 703 2297 afuturus
730 2251 859 2324 essem,
895 2224 943 2298 ad
976 2251 1036 2299 me
1067 2251 1115 2299 ne
1139 2252 1196 2300 rc·¹

181 2350 333 2450 ferrent,
359 2364 519 2450 agerent,
544 2351 642 2452 quod
667 2351 886 2452 probassent
909 2353 953 2425 In
978 2351 1050 2426 hoc
1077 2366 1189 2426 autem

181 2476 268 2549 mihi
292 2477 381 2550 illud
405 2478 576 2550 occurrit:
603 2477 702 2570 Quid
720 2493 759 2552 tu
776 2479 898 2578 igitur,
923 2480 952 2552 si
970 2479 1128 2553 affuisses
1144 2477 1190 2550 ¹⁵?

180 2604 269 2677 Rem
294 2604 509 2705 probassem.
536 2605 590 2678 De
617 2618 776 2705 tempore
802 2609 850 2706 ¹⁶,
883 2604 972 2677 nihil
997 2620 1033 2679 te
1059 2608 1187 2705 invito,

180 2731 269 2802 nihil
295 2734 371 2804 siue
398 2731 545 2804 consilio
573 2733 721 2828 egissem
747 2745 819 2805 tuo.
837 2731 948 2805 Vides
974 2733 1104 2807 sudare
1120 2758 1190 2831 me,

180 2856 388 2929 iamdudum
413 2855 656 2954 laborantem,
683 2857 865 2959 quomodo
893 2885 932 2931 ea
959 2872 1079 2959 tuear,
1104 2882 1214 2961 ‹prae-

179 2981 266 3054 milri
293 2984 423 3055 tuenda
449 2999 551 3079 sunt,
577 3000 613 3057 et
638 2998 673 3056 te
699 3010 772 3057 non
797 2984 986 3059 offendam.
1010 2987 1111 3060 Leva
1137 3010 1190 3058 mc

180 3108 286 3206 igitur
318 3108 388 3182 hoc
421 3135 536 3183 onere.
575 3111 777 3212 Numquam
814 3113 907 3185 enim
946 3111 1032 3184 milri
1071 3112 1191 3188 videor

181 3216 351 3308 tractasse
369 3262 510 3309 causam
524 3253 552 3302 ¹⁷
573 3237 815 3311 difficiliorem.
833 3239 892 3311 Sic
909 3238 1042 3313 habeto
1058 3253 1190 3314 tamen:

181 3361 249 3432 nisi
274 3362 344 3436 iam
371 3376 456 3435 tunc
483 3365 601 3436 omnia
627 3365 768 3464 negotia
794 3390 876 3438 cum
901 3391 1039 3440 summa
1067 3381 1128 3440 tua
1145 3365 1191 3437 di·

184 3489 316 3585 gnitate
344 3487 607 3588 diligentissime
643 3490 895 3591 confecissem,
932 3494 1076 3566 tametsi
1106 3490 1190 3566 nihil

182 3613 370 3687 videbatur
386 3616 431 3688 ad
443 3643 562 3690 meum
579 3643 660 3714 erga
679 3632 713 3689 te
727 3619 916 3716 pristinum
933 3617 1093 3692 studium
1109 3617 1189 3692 addi

179 3765 287 3838 posse
294 3769 305 3840 3
330 3755 449 3815 tamen
474 3743 541 3816 lrac
567 3743 654 3816 milri
680 3743 849 3818 affinitate
867 3747 1030 3819 nuntiata
1047 3749 1095 3847 ¹⁸,
1120 3770 1190 3818 non

181 3867 313 3940 maiore
340 3868 503 3972 equidem
529 3870 665 3969 studio,
692 3869 754 3943 sed
780 3873 914 3971 acrius,
940 3874 1118 3973 apertius,
1141 3872 1191 3946 si-

182 3992 401 4087 gnificantius
429 3996 635 4094 dignitatem
661 4011 757 4072 tuam
786 3996 1030 4073 defendissem.
