2626 4854
89 352 92 363 '
160 336 228 409 168
484 350 657 402 rrrsrom
685 350 842 398 comm.
946 347 976 397 a.
996 351 1032 399 v.
1050 351 1105 410 ca,

347 584 402 637 sa.
422 583 513 655 sputu
533 584 554 634 i
582 581 615 633 v.
635 580 664 632 c.
682 579 807 647 nocui,
826 579 886 630 aa.
907 577 968 633 ou

469 860 614 926 CICERO
640 858 791 925 ATTICO
816 859 847 924 S.

206 1125 220 1171 ι
249 1097 370 1190 Quum
393 1095 623 1171 instituissem
647 1092 694 1167 ad
718 1107 755 1167 te
771 1091 943 1193 scribere,
973 1093 1105 1167 calaum

152 1239 251 1325 que¹
279 1224 496 1321 sumsissem,
520 1223 706 1297 Battouius
732 1248 752 1294 e
776 1222 860 1295 navi
887 1233 1017 1294 reeta²
1037 1220 1087 1295 ad

151 1352 251 1424 venit
277 1349 422 1423 domum
447 1349 599 1448 Ephesi,
624 1362 661 1421 et
686 1348 872 1449 epistolam
895 1361 995 1421 tuam
1011 1348 1105 1423 redd

152 1478 189 1549 ΙΙ
212 1476 291 1551 Kal.
306 1478 320 1525 ³
339 1476 523 1579 Octobres.
548 1480 727 1557 Laetatuu
742 1502 821 1548 suin
837 1474 1006 1559 solicitata
1023 1477 1105 1551 navi

44 1682 51 1691 ,
152 1604 257 1683 tionis
292 1617 390 1704 tuae,
416 1604 685 1705 opportunitate
711 1602 821 1675 Piliae
837 1600 865 1701 l,
892 1605 1000 1675 etiam
1029 1602 1105 1675 mel

151 1731 230 1804 cule
253 1756 415 1804 sermone
441 1730 598 1803 eiusdem
626 1729 669 1801 de
697 1726 862 1827 coniugio
888 1727 1030 1801 Tulliae
1059 1756 1105 1803 m<

150 1859 337 1932 Battonius
363 1872 480 1931 autem
507 1859 616 1943 miros
634 1872 786 1930 terrores
803 1855 849 1929 ad
866 1883 922 1927 me
941 1856 1105 1931 attulitC

152 1986 327 2083 sarianos3
353 2011 432 2056 cum
458 1987 572 2083 Lepta
591 1985 696 2056 etiam
717 1985 820 2083 plura
838 1983 976 2056 locutus
994 1997 1067 2056 est:
1085 2010 1105 2085 sj

149 2134 190 2181 ro
198 2165 208 2207 7
241 2110 347 2208 falsa,
379 2110 441 2181 sed
474 2125 568 2182 certe
600 2109 804 2183 horribilia:
838 2112 1033 2183 exercitum
1065 2136 1105 2183 nt

149 2235 259 2307 modo
286 2234 511 2308 dimissurum
528 2238 560 2335 ⁵5
587 2264 666 2309 cum
696 2236 757 2310 illo
790 2250 971 2338 praetores
1000 2239 1105 2337 desig]

152 2375 228 2460 tos,
253 2363 414 2435 Cassium
440 2363 621 2437 tribunum
656 2364 791 2465 plebis,
815 2363 1009 2439 Lentulum
1041 2392 1105 2440 eon

152 2487 224 2561 lem
249 2490 381 2590 sacere3
404 2491 579 2591 Pompeio
604 2494 641 2566 iu
675 2492 793 2565 animo
826 2518 919 2592 esse,
952 2493 1078 2567 urbem

151 2613 309 2719 linquere
327 2621 352 2691 ⁶.
953 2710 954 2713 Ἴ

201 2772 223 2818 2
250 2745 321 2818 Sed
347 2745 432 2818 heus
459 2760 516 2845 tu,
542 2745 715 2848 numquid
732 2744 882 2819 moleste
907 2747 976 2820 fers
995 2747 1039 2822 de
1056 2748 1105 2821 itt

151 2872 211 2970 qui
237 2898 273 2943 se
299 2872 391 2944 solet
417 2874 588 2945 anteferre
613 2887 741 2973 patruo
768 2876 899 2948 sororis
926 2889 1009 2948 tuae
1032 2874 1105 2948 filiii

151 3020 171 3066 a
198 2996 324 3095 quibus
350 2999 487 3071 victus?
514 3000 584 3072 Sed
610 3001 657 3072 ad
682 3027 764 3073 rem.

201 3122 324 3196 3Nos
357 3127 483 3197 etesiae
518 3127 823 3200 vehementissime
864 3128 1060 3202 tardarunt.
1093 3130 1105 3203 l

150 3249 258 3321 traxit
283 3277 328 3325 xx
352 3253 477 3351 ipsos⁸
496 3253 569 3326 dies
597 3255 703 3326 etiam
722 3253 913 3354 aphractus
930 3255 1105 3329 Rhodion

150 3374 230 3446 Kal.
257 3377 384 3450 Octob.
410 3380 556 3478 Epheso
583 3381 893 3459 conscendentesa
910 3383 1005 3456 hanc
1031 3385 1105 3484 epis

148 3499 220 3573 lam
248 3501 409 3578 dedimus
435 3510 475 3579 L.
503 3508 706 3610 Tarquitio,
740 3509 842 3581 simul
876 3535 895 3581 e
929 3524 1038 3610 portu
1072 3536 1105 3608 eg

151 3626 279 3729 dienti,
305 3631 367 3705 sed
395 3634 593 3734 expeditius
620 3637 810 3734 naviganti.
842 3636 916 3711 Nos
943 3636 1103 3711 Rhodion

150 3756 345 3858 aphractis,
372 3763 564 3863 ceterisque
590 3762 704 3862 longis
721 3763 871 3840 navibus
889 3764 1105 3868 tranquillita
