2626 4854
161 349 229 421 ¹9²
472 339 645 391 urrsrous
671 342 838 391 ccuxxxv.
942 336 976 389 A„
995 341 1029 391 v.
1049 340 1080 389 c.
1100 340 1145 404 ,οῦ

156 461 238 519 tuae
261 444 412 519 maxime
430 443 622 542 conducet,
649 445 680 517 si
697 442 837 543 leceris,
861 441 1014 515 maxime
1032 440 1166 518 obtem·

155 573 289 674 peraris
315 570 492 646 voluntati
518 596 628 644 meae.
642 570 742 644 Haec
759 593 825 671 pro
842 582 906 643 tuo
921 569 1069 669 ingenio
1087 596 1168 644 cou-

153 699 278 773 sidera.
296 697 371 772 Nos
387 698 438 772 ita
454 711 490 771 te
508 696 765 796 desideramus,
790 710 831 770 ut
852 722 1028 771 amemus:
1055 723 1168 798 amor,

153 840 195 900 ut
219 824 398 899 valentem
421 823 622 924 videamus,
646 823 825 922 hortatur,
862 822 1102 924 desiderium,
1128 837 1167 898 ut

154 978 261 1054 quam
287 953 450 1053 primum.
475 950 568 1024 Illud
590 951 698 1051 igitur
714 950 834 1052 potius
849 952 874 1023 ⁵.
891 949 987 1024 Cura
1004 975 1090 1049 ergo
1107 975 1165 1051 po·

153 1079 347 1179 tissimum,
378 1092 420 1152 ut
445 1077 582 1154 valeas:
616 1077 662 1150 de
694 1078 764 1151 tuis
789 1075 1107 1151 innumerabilibus
1129 1077 1163 1149 iu

152 1231 210 1278 me
235 1204 360 1280 officiis
386 1206 453 1279 erit
477 1204 548 1281 hoe
573 1208 590 1259 ⁶
616 1205 861 1305 gratissimum.
877 1205 934 1278 ΙΙΙ
952 1202 1078 1281 Nonas
1095 1202 1161 1279 No·

152 1331 325 1406 vembres

521 1583 792 1659 CCLXXXVI.
882 1625 938 1686 (s
952 1627 1008 1672 m..
1024 1625 1097 1686 xvi,
1110 1625 1138 1684 2>

151 1763 375 1842 Argumentum.
408 1762 639 1823 solicitudinem
668 1783 755 1823 suam
784 1763 824 1824 de
850 1763 975 1824 Tironis
1002 1763 1154 1825 valitudine

192 1869 362 1952 siguificat,
381 1882 412 1931 et
431 1882 466 1931 ut
486 1891 553 1931 earu
575 1870 736 1952 diligenter
755 1880 860 1943 curet,
880 1882 980 1953 rogat.

337 2101 391 2155 Ser.
410 2101 514 2172 Alyziae
532 2103 563 2154 Δ.
580 2102 613 2154 V.
633 2103 664 2157 C.
683 2102 901 2170 ncctlt,1t0n.
920 2103 992 2160 llor.

350 2351 521 2418 TVLLIVS
547 2353 687 2420 TIRONI
712 2354 788 2421 SVO
814 2355 843 2420 S.
868 2353 902 2420 P.
927 2356 966 2421 D.

200 2590 283 2667 Non
301 2618 394 2694 queo
412 2593 459 2669 ad
478 2609 530 2694 te,
546 2622 613 2669 nec
632 2595 756 2671 lubet¹
775 2597 944 2697 scribere,
957 2624 1030 2701 quo
1049 2599 1146 2672 auimo

150 2719 219 2792 sim
236 2719 399 2794 affectus:
425 2735 565 2795 tantum
582 2723 717 2824 scribo,
742 2739 778 2799 et
794 2725 860 2799 tibi
885 2739 922 2800 et
950 2726 1039 2799 mihi
1056 2723 1148 2799 maxi·

150 2845 230 2917 mae
255 2846 434 2947 voluptati
456 2848 551 2949 fore,
582 2852 612 2922 si
645 2865 681 2924 te
710 2853 851 2926 firmum
876 2855 1147 2956 quamprimum

149 2969 282 3044 videro.
309 2973 432 3046 Tertio
459 2975 516 3048 die
543 2976 666 3051 abste
692 2977 739 3052 ad
755 2979 918 3079 Alyziam
934 2996 951 3028 ²
969 3002 1150 3053 accessera-

148 3121 238 3169 mus.
256 3098 292 3170 Is
308 3097 409 3173 locus
432 3114 486 3173 est
511 3103 598 3176 citra
617 3105 819 3179 Leucadem
840 3106 954 3181 stadia
975 3134 1053 3181 cxx.
1072 3110 1146 3180 Leu-

151 3220 238 3294 cade
265 3237 326 3297 aut
351 3239 386 3298 te
411 3227 545 3328 ipsum,
571 3244 631 3303 aut
648 3245 727 3306 tuas
746 3232 863 3308 literas
882 3261 904 3307 a
922 3234 1086 3337 Marioue
1100 3256 1150 3332 pu·

152 3347 273 3422 tabam
289 3375 347 3423 me
365 3370 601 3456 accepturum.
610 3359 793 3456 Quantum
809 3388 865 3435 me
883 3359 1010 3460 diligis,
1028 3372 1147 3435 tautum

149 3473 206 3548 fa'c
232 3489 272 3549 ut
298 3477 436 3580 valeas,
468 3482 524 3557 vel
554 3501 727 3586 quantum
762 3502 797 3562 te
831 3514 934 3563 ame
961 3490 1030 3563 scis
1057 3483 1144 3582 diligi·

152 3600 263 3678 Nouis
289 3604 479 3683 Novembr.
506 3610 640 3711 Alyzia.
