2626 4854
196 365 204 375 ·
268 345 335 442 ¹78
571 359 741 409 mussona
769 360 956 407 ccuxxxrn.
1044 354 1076 404 t.
1095 358 1132 405 v.
1150 359 1180 404 c.
1200 355 1245 417 70³

270 554 273 561 ι
311 495 332 540 2
359 467 416 539 Tu
433 463 555 564 velim,
581 462 678 565 quod
704 461 927 536 commodo⁸
952 460 1160 535 valitudinis
1187 475 1265 534 tuae

259 595 338 694 fiat,
363 619 468 695 quam
493 591 693 690 longissime
720 590 871 692 poteris,
896 588 1041 662 obviam
1065 587 1173 662 nobis
1191 613 1268 690 pro-

259 747 360 822 peres
377 738 402 791 9.
528 802 532 809 ,

310 848 331 920 3
358 848 412 920 De
440 845 635 918 hereditate
661 846 872 942 Praeciona,
898 869 987 945 quae
1008 843 1154 944 quidem
1183 841 1267 914 milri

257 999 385 1073 magno
412 972 526 1047 dolori
543 986 597 1046 est
614 970 736 1060 (valde
752 973 848 1045 enim
864 970 964 1047 illum
980 971 1132 1070 amavi),
1150 969 1221 1043 hoe
1237 987 1264 1021 ¹⁰

257 1099 361 1173 velim
388 1086 500 1172 cures:
526 1101 556 1173 si
582 1100 699 1172 auctio
724 1113 807 1173 ante
832 1125 949 1173 meum
968 1097 1165 1171 adventum
1182 1099 1244 1170 fiet
1256 1153 1266 1196 ‚

256 1241 297 1300 ut
320 1227 555 1327 Pomponius,
580 1241 655 1326 aut,
680 1227 709 1300 si
734 1227 764 1299 is
790 1227 905 1299 minus
922 1227 1072 1327 poterit,
1096 1223 1265 1298 Camillus

255 1367 416 1427 nostrum
441 1354 622 1453 negotium
648 1369 756 1427 curet.
773 1353 847 1428 Nos
873 1379 983 1456 quum
1000 1351 1088 1427 salvi
1109 1370 1138 1405 ¹¹
1159 1377 1265 1428 vene·

254 1480 381 1580 rimus,
406 1480 539 1583 reliqua
565 1506 629 1582 per
652 1506 720 1554 nos
746 1506 904 1580 agemus:
929 1481 985 1554 ain
1007 1494 1045 1553 tu
1063 1481 1136 1552 iam
1153 1480 1264 1553 Roma

253 1606 414 1708 profecta
431 1609 515 1706 eris,
542 1621 660 1680 tamen
678 1607 832 1707 curabis,
857 1619 898 1679 ut
914 1607 984 1681 hoc
1000 1608 1050 1679 ita
1068 1608 1141 1680 liat.
1160 1606 1198 1678 si
1216 1605 1302 1684 dii-

218 1797 221 1806 ,
254 1712 320 1807 nos
338 1734 558 1810 adiuvabunt
577 1751 626 1836 ¹²,
647 1736 786 1813 circiter
801 1734 886 1843 Idus
903 1733 1125 1810 Novembres
1141 1735 1180 1808 in
1196 1735 1302 1808 Ita-

252 1858 299 1933 lia
325 1888 506 1963 speramus
531 1862 614 1936 fore.
641 1862 735 1962 Vos,
759 1889 838 1934 mea
865 1862 1071 1937 suavissima
1098 1876 1136 1934 et
1161 1875 1303 1962 opta-

253 1987 386 2062 tissima
405 1989 589 2088 Terentia,
613 2002 649 2063 et
665 1989 834 2088 Tulliola,
851 1990 881 2063 si
897 2015 964 2063 nos
982 1989 1122 2088 amatis,
1143 2001 1303 2068 curat*

252 2127 293 2186 ut
317 2113 473 2189 valeatis.
490 2115 658 2215 Athenis,
682 2144 711 2190 a.
731 2116 764 2191 d.
781 2118 855 2191 XV
872 2116 1052 2199 Kalendas
1069 2115 1303 2197 Novembt

616 2371 884 2446 CCLXXXIV.
1001 2410 1117 2473 (trust.
1130 2412 1192 2474 vn,
1209 2413 1253 2471 t)

143 2594 158 2644 s
248 2545 470 2625 Argumentum.
489 2571 498 2607 1
518 2548 655 2612 Breviter
677 2551 848 2632 repentes,
870 2571 948 2633 quae
961 2552 1119 2633 superiore
1133 2552 1274 2632 epistola

258 2712 261 2717 .
289 2653 344 2735 tad
361 2656 439 2736 nn.)
462 2657 630 2738 scripserat.
654 2677 671 2715 2
686 2657 800 2738 Rogat,
821 2667 856 2718 ut
874 2656 1066 2739 impendente
1081 2655 1164 2717 bello
1179 2658 1264 2719 civili

287 2762 366 2821 inter
380 2763 541 2823 Caesarem
562 2775 592 2824 ct
607 2752 794 2846 ¹Pompeium
816 2765 854 2825 de
868 2766 951 2825 omni
967 2775 1048 2827 stetu
1066 2785 1123 2827 suo
1137 2764 1252 2844 cogitet

287 2866 489 2929 3Colrortem
517 2891 603 2930 suam
628 2869 857 2944 abstinentiam,
884 2892 977 2954 quam
1003 2871 1057 2931 diu
1086 2871 1244 2940 simularat,

289 2984 424 3034 extremo
460 2977 693 3058 proconsulatus
728 2990 866 3060 ternpore
904 2979 1079 3060 deposuisse
1110 2979 1238 3061 queritur.
1301 2974 1303 2981 '

285 3079 419 3156 stetit,
438 3093 472 3142 ut
493 3104 523 3142 se
545 3085 576 3142 in
597 3083 755 3166 triumpho
777 3085 990 3167 consequendo
1013 3085 1145 3146 adiuvet
1168 3083 1235 3144 5ne

286 3185 447 3247 Philotimi
462 3188 621 3250 fraudibus
644 3192 783 3252 cavendis
804 3204 833 3253 et
854 3193 1071 3274 persequendis
1090 3202 1193 3254 monet.

359 3409 413 3463 Ser.
433 3413 539 3465 Athenis
559 3416 590 3465 As
610 3415 643 3466 V.
663 3416 691 3468 C.
711 3416 833 3481 DCClll,
854 3416 914 3468 circ.
934 3415 983 3469 XV
1001 3417 1061 3470 Kal.
1081 3417 1146 3472 Nov·

558 3639 703 3703 CICERO
728 3642 879 3705 ATTICO
906 3643 936 3703 S.

296 3901 308 3944 1
341 3878 515 3951 Dederam
542 3882 706 3982 equidem
728 3901 738 3935 ¹
758 3887 796 3959 L.
816 3884 954 3959 Saufeio
972 3877 1107 3986 literas,
1131 3897 1161 3956 et
1178 3874 1225 3942 de·
1297 3926 1300 3960 ι
