2626 4854
158 366 227 440 262
522 378 796 431 Auuorartoruts

194 488 341 572 efficiunt:
362 504 433 546 narn
454 481 523 545 libri
546 483 579 544 id
597 484 668 543 satis
687 479 846 562 ffeitmi.
861 500 889 538 u.
907 498 946 538 nr.
968 476 1005 536 ln
1020 497 1081 560 seq.
1096 497 1155 539 sen-

194 597 287 656 tentia
306 605 383 654 sorte
404 602 500 663 curet,
532 591 607 650 idest
636 608 734 670 aequo
763 588 864 646 animo
892 585 950 645 lert
970 583 1030 645 sibi
1052 596 1155 645 sortem

196 703 233 781 (it
244 700 388 783 capitale)
409 696 603 760 Ariobarzani
619 694 764 757 creditam
778 714 841 754 nou
855 692 942 755 solvi.
956 691 1074 766 Subdu,
1088 691 1155 753 idest

194 809 293 892 plena.

160 914 196 976 16
215 914 294 975 Edd.
315 913 371 974 Ro.
393 913 467 972 Min.
489 911 578 982 Aldi,
598 909 709 969 Lamb.
729 909 895 991 quicquum.

160 1043 194 1103 17
216 1024 322 1104 ltaque
344 1021 489 1082 Horatius
509 1020 606 1101 Epist.
627 1017 680 1079 lib.
702 1018 731 1089 l,
750 1037 797 1100 ep.
817 1015 856 1088 6,
875 1039 902 1077 v.
925 1016 984 1099 39:

291 1180 426 1251 Mancipiis
444 1180 558 1249 locuples
576 1187 633 1248 eget
651 1180 716 1230 aeris
735 1176 915 1247 Cappadocum
933 1193 990 1229 rex.

159 1345 194 1406 18
214 1345 356 1406 Tutelam
378 1348 405 1405 ei
426 1366 445 1404 a
464 1354 571 1406 senatu
596 1345 806 1417 commissam
826 1362 874 1424 ep.
896 1340 1046 1414 CCXIV,
1065 1341 1093 1403 5.
1105 1341 1153 1402 Pro

197 1452 358 1514 Gurbrionc
379 1452 538 1524 ,te-aevom,
558 1450 627 1511 facti
642 1449 909 1510 historiammemo
921 1451 1048 1509 invenit.
1060 1451 1155 1530 Agitur

193 1558 230 1619 de
245 1560 283 1638 Q.
299 1559 443 1620 Scaevola
457 1557 616 1642 pontifice,
631 1555 806 1617 Glabrionis
820 1576 894 1630 avo,
908 1559 962 1638 qui
975 1556 1099 1617 fortasse
1112 1577 1155 1615 oe·

193 1669 273 1749 potis
294 1669 340 1727 sui
360 1678 444 1727 tutor
464 1667 531 1726 suit.
553 1665 655 1725 Fenus
679 1676 711 1724 et
734 1662 915 1745 impendium
935 1672 982 1737 νζ,
1008 1665 1095 1725 fenus
1118 1673 1155 1724 est

192 1772 351 1846 hocloco,
372 1776 472 1854 iuquit
495 1773 667 1844 Ernestius‚
688 1774 753 1855 ipsa
774 1792 855 1846 sors3
875 1770 1075 1853 impendium,
1093 1793 1154 1832 usu·

192 1902 258 1952 rae,
279 1903 354 1962 quas
377 1881 430 1941 dat
450 1879 584 1952 debitor,
605 1879 766 1963 inquibus
787 1890 832 1940 est
859 1878 1062 1963 impendium.
1088 1880 1154 1938 Nam

196 1998 226 2048 et
253 1991 283 2048 in
310 1992 433 2050 nomine
451 1988 658 2070 feneratorum
683 1990 761 2048 inest
785 1989 916 2069 pecunia
945 1986 1054 2048 locata
1084 1988 1153 2048 Beue

194 2094 254 2155 hoc
274 2095 379 2156 docuit
399 2097 571 2156 Gronovius
597 2098 628 2155 iu
654 2095 799 2156 Mantissa
818 2093 1027 2166 deartuatus:
1047 2117 1075 2178 p.
1100 2095 1152 2170 rod.

194 2202 276 2262 Tota
301 2223 349 2263 res
381 2201 455 2263 alias
475 2202 586 2263 dicitur
614 2204 722 2264 bonam
747 2200 868 2285 'copiam'
891 2204 1024 2276 eiurare,
1053 2203 1151 2264 Franci

193 2308 416 2391 bouquerouter.

68 2402 73 2407 ³
157 2434 193 2497 ¹9
212 2414 399 2496 Negotiatori
420 2416 625 2499 praefecturas
647 2439 677 2478 se
698 2438 760 2478 non
786 2418 931 2478 datiarum
960 2419 1067 2480 Cicero
1090 2439 1148 2500 pro·

190 2520 286 2582 fessus
317 2534 362 2583 est
387 2544 434 2606 ep.
457 2525 549 2596 CCL,
570 2523 598 2586 8.
629 2525 711 2586 Infra
737 2524 847 2585 Ambb.
873 2524 924 2598 16,
950 2547 984 2611 ¹7
1014 2548 1082 2587 cum
1101 2526 1147 2585 tti-

190 2639 254 2688 nut.
277 2640 308 2689 et
329 2630 408 2691 Aldo
429 2629 506 2692 duos
526 2634 554 2692 ei
569 2632 781 2716 praefecturas.

151 2754 190 2795 20
211 2736 277 2796 Non
297 2737 396 2819 placet
422 2740 512 2798 etium
525 2774 565 2786 -
580 2751 739 2822 tamquam.
762 2742 822 2801 Aut
842 2739 973 2820 glossam
997 2713 1072 2822 puto
1095 2758 1145 2799 esse

193 2853 344 2924 tamquam
357 2847 440 2918 mihi,
461 2857 515 2907 aut
530 2846 691 2928 legendum
707 2860 767 2908 tum
780 2869 886 2908 novum
898 2847 1056 2920 occidisse,
1074 2865 1146 2929 quum

190 2948 268 3007 milri.
289 2948 408 3011 Ernest.
422 2953 477 3014 Ex
498 2954 571 3025 illo,
593 2955 706 3014 scilicet
719 2974 754 3014 en
767 2955 872 3014 Bruto.
885 2956 980 3014 Illum
993 2957 1144 3037 pecuniam,

192 3076 285 3134 quam
307 3056 464 3119 Salaminii
486 3060 597 3122 debent
618 3062 750 3143 Scaptio.
771 3064 879 3134 Suam,
900 3065 1047 3123 nimirum
1067 3059 1143 3122 Bruti·

151 3179 185 3219 21
211 3160 346 3235 Scilicet,
367 3168 586 3248 spopondisse,
606 3189 637 3228 se
665 3180 964 3251 repraesentaturum
986 3174 1144 3252 pecuniam,

193 3256 286 3347 quam
308 3271 424 3333 Romae
444 3285 583 3335 mutuam
610 3287 767 3358 acceperat
794 3276 933 3359 Scaptius
961 3290 992 3338 et
1011 3280 1142 3339 Matinium

138 3387 187 3432 '22
212 3375 309 3449 ldest,
328 3401 424 3439 unum
445 3403 504 3462 pro
526 3394 647 3443 centum
663 3387 693 3443 in
710 3384 846 3464 singulos
858 3405 976 3445 menses
999 3389 1061 3468 (ep.
1076 3382 1142 3451 CCL,

188 3479 223 3551 8,
243 3495 305 3544 not.
326 3488 405 3566 43),
426 3489 518 3570 idque
539 3512 595 3573 per
617 3512 667 3551 sex
689 3513 800 3564 annos,
821 3503 851 3552 et
871 3513 941 3551 cum
961 3496 1140 3556 anatocismo,

187 3591 267 3663 scil,
294 3592 434 3656 addendo
463 3601 536 3659 sorti
567 3602 744 3659 centesimas
765 3621 827 3660 non
852 3601 966 3660 solutas
988 3598 1138 3682 quotannis,
1190 3650 1192 3661 .

186 3708 216 3756 et
236 3709 369 3773 sortem,
396 3715 430 3762 ut
450 3706 491 3764 ita
514 3705 633 3777 dicam,
662 3707 855 3767 renovando:
878 3729 958 3789 quae
983 3711 1136 3769 centesimae

185 3824 222 3863 eo
243 3808 374 3868 maiores
394 3809 504 3871 fierent
525 3816 556 3872 in
579 3815 715 3894 singulos
737 3836 848 3884 annos,
870 3835 932 3896 quo
946 3816 1049 3898 plures
1069 3809 1133 3873 adde·

187 3923 292 3973 rentur
317 3919 399 3976 sorti.
430 3918 565 3979 Omnino
593 3920 630 3981 ad
659 3920 750 3982 huius
773 3925 816 3984 rei
836 3923 1061 4006 intelligentiam
1081 3915 1127 3979 ride

187 4016 288 4079 locum
310 4044 355 4104 cp.
378 4025 472 4096 CCL,
492 4029 520 4087 8.
