2626 4854
537 341 575 388 ΙΙΙ
600 335 791 389 EPISTOLAS
1092 341 1163 420 297

199 442 335 504 Velleius
348 441 375 513 l,
401 461 434 522 ¹7
455 440 542 501 dixit:
563 439 627 500 Nec
644 447 800 522 potiorum
813 440 843 501 in
855 439 1003 524 antiquius
1016 442 1167 503 citeriorve

202 551 339 630 (aevum)
361 550 503 632 processit
515 549 641 608 ubertas.
655 547 784 608 Cortius.
798 548 866 630 Ipse
886 547 947 608 Cic.
961 547 1033 630 ch.
1047 548 1107 621 ΙΙΙ,
1128 568 1164 609 n:

200 670 233 718 ut
252 656 296 716 ad
315 657 389 716 liaeo
408 656 542 716 citeriora
563 657 684 716 ventem.
716 656 763 715 De
789 654 848 715 hac
871 653 972 715 forma
992 655 1168 720 Gronovius

200 762 277 823 Obs.
298 763 362 835 IV,
388 784 437 834 11,
458 783 488 844 p.
514 761 578 843 167.
599 761 679 823 Male
700 760 770 823 libri
790 761 908 844 aliquot
927 763 1082 823 certiora..

158 870 178 929 3
200 869 251 929 Sic
271 867 341 928 libri
362 870 474 951 passim
495 888 567 929 oum
587 867 740 929 Schtttzio.
761 868 865 950 Vulgo
885 870 912 930 si
928 889 1014 952 quoe.

157 975 339 1052 ddnnuam
361 975 534 1056 provinciae
555 973 854 1035 administrationem.
877 973 984 1035 Groev.

158 1079 178 1140 5
198 1081 257 1163 Ep.
279 1079 402 1141 CCXXl
421 1082 434 1141 Ι
456 1091 528 1141 extr.
556 1080 629 1141 Mox
654 1080 731 1141 nibil
751 1081 878 1154 melius,
907 1102 1000 1164 quam
1026 1080 1110 1165 quod
1129 1103 1165 1144 ex

198 1188 419 1269 Martyni-Lag
441 1207 481 1247 na
511 1190 625 1270 recepit
657 1186 837 1261 Schtitzius‚
857 1189 1040 1249 Pessinunta.
1061 1188 1164 1272 Vulgo

196 1295 371 1355 Pessinunte
377 1317 389 1366 ‚·
422 1294 505 1377 quod
537 1294 685 1377 oppidum
716 1293 870 1377 Phrygiae
900 1295 991 1377 longe
1018 1293 1164 1357 aberata

198 1400 355 1462 Cicerone.

153 1507 300 1591 6Vulgo
320 1509 375 1569 iter
392 1509 540 1571 habebant
566 1509 610 1571 od
629 1509 805 1572 Deiotarum
836 1529 951 1592 regem:
979 1531 1160 1595 quanquam
1227 1504 1230 1511 ’

194 1617 297 1677 omnia
317 1638 371 1677 nec
392 1617 534 1698 benigno,
554 1639 608 1678 nec
628 1619 748 1701 copiosa
768 1631 937 1699 cognorant.
950 1617 1061 1679 Melior
1074 1616 1163 1679 lectio

161 1766 164 1773 -
194 1723 497 1806 Martyni-Lagunae
510 1723 647 1786 debetur.
659 1723 841 1806 Adioton‘gis
853 1745 964 1786 nomen
979 1745 1086 1786 verum
1100 1745 1163 1785 esse

194 1832 260 1889 iam
274 1832 333 1890 lac.
345 1830 505 1892 Taurellus
518 1832 637 1893 viderat
658 1831 860 1915 adstipulante
880 1832 1027 1893 Manutio.
1042 1829 1165 1895 Subiitz.

194 1935 424 1996 Correctionem
458 1937 755 2019 Martyni-Lagunae
792 1958 829 1999 co
861 1938 1002 2008 libentius
1033 1938 1165 2012 admisi,

195 2042 281 2124 quod
302 2046 333 2103 in
355 2041 440 2104 libris
460 2047 571 2127 passim
587 2044 754 2126 legiturcd
766 2045 835 2106 Icto
848 2065 958 2125 regem,
979 2056 1009 2106 et
1030 2048 1060 2106 in
1074 2045 1162 2107 Amb.
1187 2030 1190 2037 ¹
1271 2034 1274 2041 ⁴

194 2171 253 2210 sec.
265 2150 422 2230 ablorigge,
434 2171 495 2233 qua
508 2172 562 2211 nec
577 2152 746 2232 benignam,
767 2173 820 2213 nec
832 2154 982 2235 copiosam
995 2165 1161 2233 cognorant.
1182 2192 1185 2197 -

156 2280 172 2338 7
194 2256 319 2318 Addidit
332 2269 376 2317 est
388 2258 546 2319 Ernestius
564 2278 600 2319 ex
613 2279 682 2320 mss.
696 2270 728 2320 et
742 2260 809 2321 edd.
829 2283 891 2344 pn,
912 2261 995 2343 quod
1015 2282 1034 2320 a
1053 2261 1162 2343 vulga-

190 2367 230 2425 tis
245 2364 312 2426 edd.
324 2364 437 2427 aberat.
452 2365 606 2440 Obscura,
628 2367 666 2427 ad
680 2367 792 2428 famam
805 2390 823 2443 3>
833 2367 965 2442 sordida,
977 2368 1017 2443 ad
1032 2368 1161 2430 lucrum.

155 2469 174 2531 8
195 2470 310 2554 Recepi
331 2485 375 2533 est
393 2493 428 2532 ex
443 2471 604 2545 Schtitzio,
626 2473 709 2555 quod
731 2477 821 2534 etiam
848 2475 951 2557 plures
966 2473 1076 2537 Ambb.
1091 2495 1161 2535 cum

193 2577 256 2638 Zel.
277 2578 300 2637 B
320 2577 449 2650 habent,
470 2590 500 2641 et
520 2580 670 2640 Graevius
692 2602 723 2641 se
750 2581 883 2663 vulgatis
904 2580 1053 2641 addidisse
1072 2591 1161 2663 puta·

188 2684 252 2746 bat
280 2683 408 2746 Sensum
429 2688 526 2767 aperit
546 2688 740 2765 Quarterius:
762 2689 793 2746 in
814 2685 980 2747 recusanda
999 2687 1159 2767 provincia

193 2791 322 2853 eandem
342 2794 520 2874 integritatis
541 2805 571 2854 et
592 2791 789 2853 abstinentiae
821 2791 943 2853 laudem
971 2812 1067 2852 essem
1088 2813 1161 2853 con·

191 2909 332 2972 saeuus,
352 2919 447 2981 quum
462 2899 675 2961 intellexissent
688 2920 810 2973 omnes,
830 2921 879 2961 me
893 2899 971 2960 lueri
986 2899 1086 2961 studio
1098 2921 1160 2961 nou

186 3003 279 3065 trahi.
300 3004 481 3066 Gebhardus
509 3027 543 3066 ex
574 3017 656 3090 quat.
685 3010 746 3068 suis
773 3027 833 3068 oon
860 3027 943 3068 cram
969 3007 1160 3081 minorato,

189 3131 286 3192 quam
307 3112 468 3173 lectionem
488 3112 601 3195 frigere
622 3117 714 3176 sensit
734 3117 794 3175 iam
817 3114 899 3175 idem
920 3114 1078 3176 Graevius.

148 3239 168 3301 9
189 3217 334 3279 Obieetio
345 3219 456 3280 Caelii:
479 3222 503 3281 si
524 3241 586 3281 non
600 3220 840 3284 administrasset
853 3224 1060 3306 provinciam,
1082 3243 1160 3305 quae

186 3346 259 3407 spes
280 3325 432 3409 triumphi
451 3326 574 3388 fuisset?
598 3327 733 3410 Quarter.

148 3453 184 3495 ro
206 3431 314 3514 Vulgo
333 3455 414 3516 spem
435 3435 591 3515 triumphi?
612 3436 715 3519 inquis.
736 3437 815 3496 Satis
844 3438 967 3518 gloriose
998 3437 1160 3517 oiunzplto-

183 3560 266 3612 nem,
285 3541 389 3601 sinon
409 3563 501 3601 essem
521 3542 640 3626 quidem
661 3544 782 3605 tamdiu.
799 3545 926 3628 Optime
946 3566 1019 3606 vero
1040 3539 1159 3624 Marty-

181 3647 360 3728 ni-Laguna
380 3647 463 3709 hunc
477 3648 578 3710 locum
601 3653 774 3725 constituit,
794 3655 906 3735 partim
918 3662 1082 3735 praeeunte
1100 3649 1156 3710 Be·

182 3753 319 3814 nedicto.
351 3755 386 3815 In
417 3755 517 3818 verbis
550 3759 621 3818 satio
649 3760 774 3838 gloriose
804 3761 1015 3841 triumpharem
1035 3758 1158 3841 respicit

184 3859 320 3943 gloriam
342 3863 533 3938 consulatus,
565 3863 701 3929 fortassis
729 3871 817 3929 etiam
851 3865 965 3928 reditus
986 3864 1025 3926 ab
1045 3865 1156 3927 exsilio.
