2626 4854
164 338 236 414 268
530 357 801 408 asnorarrones

160 462 203 547 59
221 461 340 524 Vellem
361 461 489 522 haberet
509 461 616 521 Scrofa
629 464 839 545 provinciam,
860 463 890 522 in
903 483 965 544 qrra
979 461 1162 527 uberrimam

199 568 297 629 laudis
318 579 348 630 et
368 569 482 651 gloriae
502 580 633 650 segetem
655 569 798 651 colligere
818 581 927 652 posset.
949 571 1047 648 Quod
1066 577 1161 654 sequi·

199 687 267 750 tur,
299 677 413 737 haeum
446 678 610 757 negotium,
641 679 881 749 nominativum,
917 681 967 737 oui
1000 678 1161 751 referatur,

198 805 261 844 uon
282 782 381 844 habet.
403 787 449 845 An
471 795 516 845 est
536 786 695 867 provincia
717 786 843 865 quaevis
857 786 888 844 in
900 787 1030 866 genere?
1052 785 1102 846 Sic
1120 787 1161 846 lo·

198 911 268 951 cum
290 890 468 951 intellexisse
488 891 609 951 videtur
628 889 825 971 Mongaltius.
839 894 879 951 At
892 862 1006 952 butum
1020 896 1161 971 negotium

198 1008 313 1058 certam
324 1000 512 1079 provinciam
524 998 646 1058 indicat.
659 1000 706 1059 An
718 997 900 1058 subauditur
911 999 988 1059 illud
1006 997 1160 1072 πολίτευμα,

197 1102 259 1164 boe
279 1115 336 1176 est,
355 1103 583 1177 adorirristratio,
613 1107 676 1165 sive
703 1108 864 1188 provincia
884 1105 1031 1166 Catonis?
1064 1107 1158 1187 Aliqui

197 1233 304 1272 revera
324 1212 425 1272 locum
447 1211 485 1272 de
505 1214 678 1294 provincia,
699 1233 792 1293 quam
814 1211 890 1272 Cato
904 1233 940 1271 ex
954 1223 1099 1294 praetura
1111 1212 1160 1272 ob-

195 1318 289 1380 latam
310 1319 481 1402 repudiavit
503 1318 678 1398 (Plutarch.
691 1323 724 1378 in
738 1322 800 1378 vita
814 1319 916 1400 Cat),
934 1319 1157 1392 intellexerunt,

197 1438 304 1487 eontra
324 1425 520 1497 Emanium,
552 1427 604 1507 qui
637 1423 787 1498 πολίτευμα
812 1426 850 1486 de
875 1428 989 1486 ratione
1019 1429 1064 1486 rei
1084 1427 1157 1508 publ

196 1533 449 1595 administrandae
470 1554 589 1615 semper
610 1553 674 1593 esse
693 1533 907 1615 accipiendum
927 1533 1072 1595 affirmat.

156 1640 198 1702 60
220 1641 332 1702 Sensus
352 1652 417 1702 est:
439 1640 557 1711 Ceteri,
577 1650 698 1723 praeter
710 1660 762 1701 eos
776 1641 904 1714 seilicet,
925 1660 1003 1722 quos
1023 1640 1154 1712 laudavi,

196 1751 390 1830 magistratus
418 1748 647 1831 provinciarum
677 1747 814 1829 exemplo
842 1767 898 1808 suo
931 1747 1046 1808 tollunt
1071 1750 1154 1808 ratio·

195 1877 265 1915 nem
287 1855 541 1916 administrandae
567 1856 612 1916 rei
638 1852 780 1938 publicae
806 1856 838 1914 in
865 1857 1055 1937 provinciis,
1086 1875 1153 1936 quae

195 1963 304 2024 Catoni
334 1962 507 2047 probatur,
536 1962 574 2024 de
603 1984 666 2045 qua
695 1962 771 2024 dixit
797 1984 890 2046 supra
918 1984 966 2046 ep.
988 1964 1116 2037 XXVI,
1131 1962 1151 2024 6.

193 2071 311 2132 Emest.
567 2074 578 2099 ⁴

153 2177 189 2239 61
213 2179 274 2240 Nec
294 2180 428 2260 patiatur
459 2180 649 2261 provinciam
670 2180 851 2262 prorogari3
884 2199 932 2262 ep.
954 2179 1150 2248 CLXXXIV,

198 2305 223 2346 r.
243 2285 362 2346 Manut.

151 2390 191 2452 62
212 2391 254 2452 Hi
274 2403 334 2453 tres
353 2393 516 2466 Amianus,
536 2394 711 2466 Terentius,
730 2393 928 2473 Moeragenes
951 2393 1096 2455 videntur
1108 2395 1146 2454 lt-

167 2500 252 2559 ·tioo
280 2503 441 2582 pecuniam
471 2500 618 2562 debuisse.
650 2502 692 2561 Et
719 2500 802 2582 quod
829 2502 969 2582 sequitur
988 2503 1056 2582 spei
1073 2500 1148 2570 nibil,

191 2607 337 2690 explano,
356 2607 394 2668 de
414 2608 718 2691 exigenda'pecunia.
739 2607 835 2667 Idem.

150 2712 190 2775 63
211 2714 290 2775 Edd.
311 2737 357 2797 pr.
378 2736 440 2776 non
467 2714 582 2776 babent
610 2737 691 2787 eum,
724 2714 837 2775 delevit
866 2714 1047 2792 Sebiitziusg
1079 2713 1145 2796 quod

190 2825 286 2904 possit
313 2826 404 2884 etiam
431 2823 508 2896 dici,
535 2834 609 2884 teste
630 2824 787 2895 Ernestio‚
815 2823 898 2905 loqui
922 2824 1023 2884 alicui.
1052 2823 1095 2885 cf.
1116 2821 1146 2880 ad

190 2948 239 3011 ep.
259 2929 458 3002 CCLXXIX,
478 2943 542 2992 not.
569 2952 612 2992 ιο.

149 3033 190 3111 64
210 3035 366 3096 Victorius
389 3039 461 3118 legit
483 3039 585 3100 Rhosii
602 3059 726 3100 ceresam
746 3037 888 3100 mandari
893 3062 903 3110 ‚-
923 3061 982 3121 ego
998 3041 1106 3100 rectius
1119 3056 1145 3095 er

188 3140 277 3203 scidis
297 3154 327 3203 et
348 3145 574 3219 Tornaesiano,
606 3149 752 3208 Rbosiaea
772 3167 845 3205 vasa
865 3146 1015 3206 mandavi.
1037 3146 1144 3205 Rbosus

185 3249 261 3311 urbs
283 3263 349 3312 erat
369 3255 426 3313 sita
439 3256 471 3312 in
485 3256 551 3313 sinu
567 3257 672 3326 lssieo,
692 3254 729 3314 de
742 3275 803 3335 qua
816 3252 928 3314 Strabo
941 3254 1038 3325 xlv,
1058 3275 1087 3334 p.
1097 3249 1147 3334 9⁶4

185 3355 234 3416 ed.
245 3356 390 3418 Falcon,:
413 3357 458 3412 καὶ
476 3361 489 3414 ὁ
508 3359 604 3423 κόλπος
626 3360 731 3435 εἴρηται
749 3355 882 3428 Ἰσσικός,
902 3359 930 3412 ἐν
949 3359 1027 3430 αὐτῷ
1041 3354 1071 3413 δὲ
1083 3355 1146 3415 πόλις

186 3457 303 3539 Ῥωσόςς
324 3477 354 3525 et
367 3465 483 3528 Plinius
494 3468 539 3540 V,
562 3490 617 3541 22,
638 3471 710 3530 alias
728 3469 780 3531 18:
805 3469 962 3551 Oppidum
977 3471 1107 3539 Rhosos,
1124 3477 1148 3523 et

181 3591 202 3631 a
215 3583 294 3652 tergo
311 3585 434 3654 portae,
453 3596 530 3656 quae
552 3576 661 3655 Syriae
677 3578 884 3659 appellantur,
906 3578 1064 3637 mtervallo
1078 3576 1146 3635 ato-

179 3679 290 3739 siorum
310 3684 451 3742 montium
482 3697 511 3743 et
547 3683 646 3744 Tauri.
675 3685 710 3744 ld
737 3684 886 3767 oppidum
920 3683 1145 3745 celeberrimum

183 3797 249 3846 erat
268 3791 346 3848 vasis
366 3788 529 3862 fictilibus,
551 3813 629 3872 quae
649 3792 691 3851 ibi
713 3791 835 3853 fiebant.
861 3793 935 3854 Ideo
960 3797 1078 3854 Atticus
1101 3812 1145 3852 vo-

163 3890 270 3953 'lebat
298 3895 414 3977 aliquot
444 3897 514 3957 inde
541 3898 597 3959 sibi
620 3901 736 3971 curari,
767 3921 844 3982 quae
867 3901 976 3963 Cicero
999 3902 1102 3964 scribit
1120 3919 1147 3959 se

188 3999 354 4062 mandasse.
376 4005 489 4064 Bosius.
