2678 4860
550 339 587 388 tu
613 335 803 388 ertsronts
1106 320 1179 421 269

169 445 213 506 65
233 445 361 505 Festus:
389 442 520 504 Filicata
536 455 644 524 patera
664 440 765 511 dicta,
791 439 874 524 quod
894 439 937 500 ad
952 440 1054 520 felicis
1074 444 1182 505 herbae

212 553 337 634 speeiem
367 552 404 610 sit
429 549 555 609 caelata.
577 549 637 608 Cic.
659 548 807 607 Paradox.
833 570 863 608 1:
895 547 999 608 Minus
1025 571 1061 609 ne
1080 562 1183 630 gratas

210 659 267 721 diis
286 659 495 719 immortalibus
505 691 546 703 -
549 655 658 738 fictiles
669 656 791 715 urnulas
802 655 917 736 fuisse,
936 677 1026 737 quam
1040 657 1178 737 filieatas

210 769 337 829 aliorum
354 778 476 847 pateras
495 763 697 823 arbitramur?
717 762 797 824 Vide
818 762 944 823 Salmas.
959 762 999 822 ad
1020 762 1178 836 Solinum,

210 897 240 957 p.
256 877 324 955 737.
345 872 395 933 Sic
416 872 489 953 legit
509 873 614 931 lunius
634 893 670 930 ex
692 890 761 931 mss.
782 871 934 951 vestigiis3
963 869 1034 930 libri
1054 871 1180 951 infelici-

211 985 277 1043 tatis
291 981 432 1041 laneibus.
453 981 556 1039 locus:
577 989 666 1039 antea
687 977 792 1038 solitus
813 998 879 1038 eras
892 980 924 1037 in
943 977 1064 1038 caelatis
1086 979 1179 1039 lanei-

210 1091 268 1150 bus
300 1101 331 1150 et
362 1086 607 1171 splendidissimis
627 1087 763 1146 canistris
788 1105 845 1145 nos
868 1106 991 1168 pascere
1018 1084 1179 1158 olusculis,
1222 1118 1228 1135 ·

210 1197 285 1279 quid
304 1208 408 1278 putem
429 1205 459 1256 te
478 1215 559 1254 nunc
584 1213 740 1275 apponere
760 1194 889 1253 invasis
914 1191 1078 1253 fictilibus?
1098 1193 1178 1255 Vide
1280 1263 1281 1267 η

209 1305 336 1386 Popma.
352 1304 456 1374 Lanu,
477 1322 530 1361 vas
551 1302 700 1360 escarium
720 1299 836 1371 latum,
856 1301 957 1359 minus
983 1310 1178 1374 excavatum,

210 1432 301 1492 quam
324 1413 448 1492 patina,
469 1411 501 1467 in
523 1428 585 1489 quo
606 1406 665 1467 cibi
686 1427 807 1467 mensae
827 1404 1041 1490 inferebantur.
1069 1406 1175 1469 Horat.

209 1517 271 1578 Sat.
293 1517 336 1588 11,
356 1517 392 1593 4.
412 1516 467 1593 lto:

250 1650 254 1669 ‚
303 1674 420 1741 Vmber,
439 1683 467 1727 et
483 1675 562 1744 iligna
579 1676 694 1728 nutritus
712 1674 803 1745 glande
820 1675 945 1729 rotundas

303 1771 402 1826 Curvet
419 1788 481 1841 aper
499 1771 593 1824 lances.

207 1956 249 2017 Et
269 1958 372 2018 Iuven.
395 1955 456 2018 Sat.
478 1957 521 2030 V,
541 1955 600 2018 80:

303 2118 411 2187 Aspice,
429 2136 506 2188 quam
525 2118 602 2186 longo
620 2117 750 2170 distendat
768 2127 874 2188 pectore
891 2120 1007 2187 lancem,

302 2212 377 2282 Quae
394 2211 478 2264 fertur
495 2211 600 2264 domino
618 2213 719 2282 squilla.

162 2371 168 2393 ¹
205 2368 314 2427 Leucis
335 2367 507 2449 exemplum
528 2366 671 2429 exhibent
692 2368 804 2428 Pitture
824 2371 938 2430 antiche
959 2372 1110 2446 ritrooate,
1129 2373 1173 2432 in-

205 2476 263 2534 cise
283 2496 300 2533 e
317 2475 488 2556 pubblieate
509 2473 551 2534 da
574 2476 641 2536 Gto.
664 2476 709 2535 M.
734 2475 855 2536 Cossini.

164 2579 207 2642 66
226 2581 284 2663 Ep.
307 2581 506 2654 CCXXVlll,
526 2583 556 2659 4.

165 2687 317 2768 67·Falso
339 2687 519 2770 gloriantes3
540 2710 586 2770 ep.
607 2689 748 2762 cem.
769 2690 886 2751 Ernest.
909 2691 989 2750 Tum
1004 2691 1118 2761 Bibuli,
1138 2690 1174 2750 ti-

203 2804 287 2855 terae
307 2816 348 2855 sc.
367 2796 538 2878 periculum
559 2795 809 2857 demonstrantes.

162 2898 204 2961 68
224 2901 356 2982 Reposui
378 2905 409 2961 in
429 2924 467 2962 ex
487 2902 576 2964 Amb.
604 2925 637 2984 17
660 2914 691 2964 et
711 2903 758 2963 ed.
780 2905 924 2977 Victorii3
953 2914 988 2963 ut
1014 2905 1073 2962 iarn
1102 2902 1173 2964 fecit

204 3007 377 3081 Ernestius‚
397 3020 427 3068 et
448 3010 554 3070 suadet
574 3013 640 3093 ipse
661 3012 768 3072 Cicero
783 3013 926 3072 sexcentis
940 3012 972 3069 in
989 3011 1078 3071 locis:
1099 3032 1125 3069 e.
1147 3033 1172 3070 c.

205 3136 253 3195 ep.
268 3115 488 3188 CCCXXXIV,
502 3117 526 3174 B
544 3119 575 3176 in
594 3140 644 3202 spe
651 3119 786 3208 firmiore
799 3140 877 3190 esses
890 3116 962 3177 ibid.
977 3119 1000 3178 C
1013 3119 1044 3176 in
1057 3136 1174 3177 summa

202 3226 422 3302 exspectatione
442 3244 520 3295 csse3
540 3237 570 3284 et
589 3247 728 3308 eramque
741 3228 771 3286 in
785 3248 837 3307 spe
857 3246 978 3304 magna3
999 3246 1046 3306 ep.
1065 3225 1172 3284 CCLX

202 3329 332 3389 Eremos
352 3332 382 3390 in
403 3332 536 3392 maximo
556 3355 616 3415 spe.
645 3335 842 3415 Quamquam
863 3333 952 3394 video
973 3334 1004 3391 in
1025 3331 1083 3392 hac
1106 3335 1171 3413 ipsa

202 3457 249 3518 ep.
270 3442 286 3511 S
310 3458 347 3498 20
369 3437 459 3514 scribi
484 3461 536 3498 nec
557 3442 658 3515 mella,
678 3463 732 3500 nec
753 3461 861 3520 magna
887 3462 938 3523 spe
958 3462 1065 3500 sranius.
1092 3439 1174 3500 Edd.
1238 3429 1241 3432 ’

202 3564 320 3604 sorores
345 3567 411 3604 sum
430 3566 537 3625 magna
557 3567 585 3607 a.
603 3550 822 3629 perturbatione
842 3561 1010 3609 commotus.

160 3647 201 3730 69
222 3650 354 3732 supple,
375 3651 508 3732 legatum
530 3656 561 3711 in
583 3654 700 3715 Cilicia.

161 3775 201 3834 7⁰
222 3755 278 3838 Ep.
301 3757 528 3831 CCXXXVlll,
548 3761 577 3836 4.

164 3881 197 3940 71
223 3861 291 3924 Hoc
311 3876 372 3939 cst,
386 3864 478 3928 babet
492 3867 615 3948 triginta
629 3868 783 3943 cohortes,
798 3891 928 3953 quarum
944 3867 1078 3950 singulae
1094 3885 1168 3946 qua-
