2678 4860
401 387 403 391 ⁴
515 358 687 412 EPISTOLA
714 361 857 410 cmxiv..
966 361 997 410 Α.
1012 366 1046 412 V.
1068 366 1095 412 C.
1114 366 1164 427 7⁰³

332 605 384 656 Ser.
403 607 429 656 in
447 605 534 657 Cilicia
553 608 581 658 A.
600 606 631 655 V.
650 605 677 656 C.
696 603 820 670 occul,
840 621 926 655 menae
947 605 1031 658 lunio.

494 855 638 918 CICERO
663 854 813 917 ATTICO
840 855 869 916 S.

234 1123 246 1167 1
275 1096 352 1168 Etsi
378 1094 453 1166 nil¹
472 1120 555 1167 sane
578 1093 753 1166 habebam
778 1096 878 1192 novi,
904 1097 1001 1196 quod
1027 1113 1111 1196 post
1130 1086 1211 1172 ac?

178 1222 334 1320 cidisset,
359 1247 464 1322 quam
491 1219 664 1292 dedissem
690 1220 736 1292 ad
760 1233 796 1292 te
820 1221 1025 1320 Philogeni,
1051 1222 1181 1296 liberto

96 1412 102 1424 .
176 1363 261 1447 tuo,
284 1346 418 1446 literas,
443 1361 562 1419 tamen
580 1372 688 1446 quum
705 1345 936 1419 Philotimum
953 1350 1101 1423 Romam
1129 1377 1182 1422 re·

174 1477 363 1572 mitterem,
389 1472 612 1546 scribendum
637 1471 771 1572 aliquid
795 1472 842 1565 ad
868 1487 900 1545 te
930 1473 1004 1545 fuit.
1028 1476 1081 1547 Ac
1107 1477 1183 1574 pri·

175 1626 273 1675 mum
296 1599 400 1698 illud,
422 1599 520 1700 qnod
543 1625 600 1672 me
625 1599 774 1670 maxime
799 1598 951 1696 angebat
983 1610 1077 1687 (non
1104 1627 1178 1702 quo

174 1753 231 1800 me
248 1727 380 1827 aliquid
395 1729 514 1800 iuvare
530 1752 671 1825 posses:
690 1727 823 1825 quippe
840 1752 895 1800 res
913 1729 1048 1816 [enim]
1067 1742 1121 1829 est
1141 1728 1179 1798 in

172 1852 350 1952 manibus,
376 1868 415 1924 tu
440 1866 557 1924 autem
582 1851 665 1924 abes
690 1851 795 1949 longe
823 1855 999 1949 gentium:

197 2097 200 2101 .
322 2037 426 2101 Uellei
452 2033 479 2102 δ’
506 2037 536 2101 ἐν
563 2033 732 2125 μεταιχμίῳ
791 2090 795 2095 .

270 2161 371 2237 Νότος
393 2159 520 2226 κυλίνδει
547 2159 655 2248 κύματ’
682 2160 796 2252 clipeiue
823 2149 961 2254 0111562),

170 2352 327 2452 obrepsit
353 2352 447 2451 dien,
471 2367 511 2424 ut
536 2351 635 2426 vides
662 2351 771 2439 (mihi
797 2353 890 2424 enim
923 2379 952 2424 a.
971 2343 1003 2423 d.
1020 2352 1073 2423 111
1096 2352 1175 2425 Kal.

170 2478 260 2550 Sext.
287 2478 330 2550 de
355 2481 538 2578 provincia
564 2476 807 2550 decedendum
833 2491 926 2574 est),
958 2504 1023 2549 neo
1050 2505 1174 2550 suece-

170 2605 272 2677 ditur.
299 2607 414 2698 Quem
439 2605 650 2706 relinquam,
676 2607 735 2704 qni
759 2606 962 2703 provinciae
988 2605 1176 2703 praesit³l

168 2732 270 2804 Ratio
288 2731 430 2831 quidem
447 2745 483 2803 et
500 2733 621 2831 opinio
638 2717 822 2802 hominum
838 2729 995 2829 postulat
1008 2729 1171 2802 fratrem:

167 2860 337 2956 primum,
363 2858 459 2957 quod
485 2856 623 2932 videtur
649 2883 725 2928 esse
751 2855 864 2929 honos
882 2855 913 2954 45
941 2881 1045 2928 neruo
1067 2857 1173 2952 igitur

166 2985 303 3084 potior,
329 2983 476 3082 deinde,
503 2982 600 3084 qnod
625 2981 739 3055 solum
763 2980 877 3054 habeo
903 2982 1117 3081 praetorium
1145 2985 1176 3054 ⁵:

165 3086 362 3185 Pomtinius
387 3111 483 3183 enim.
506 3134 548 3217 eir
572 3121 680 3207 pacto
715 3122 762 3179 et·
784 3120 962 3180 conventu
995 3118 1103 3195 (nam
1128 3134 1172 3180 ea

163 3232 239 3330 lege
265 3236 394 3306 exierat
409 3238 444 3324 ⁶)
471 3235 540 3305 iam
567 3260 586 3305 a
605 3259 661 3306 me
678 3232 894 3307 discesserat.
908 3234 1169 3328 Quaestorernr

68 3408 70 3414 ·
162 3385 266 3432 nemo
286 3360 429 3458 dignum
446 3370 558 3460 putat.
572 3360 715 3432 Etenim
733 3373 786 3432 est
810 3358 914 3455 levis,
939 3356 1170 3457 libidinosus,

163 3499 265 3583 tagax
290 3488 318 3595 ⁸,
339 3487 391 3557 De
418 3485 523 3557 fratre
549 3500 666 3557 autem
693 3486 844 3583 primum
870 3481 959 3555 illud
985 3497 1058 3554 est:
1085 3510 1168 3583 per·

72 3582 76 3594 ,
162 3610 300 3682 suaderi
325 3613 357 3682 ei
382 3637 455 3683 non
480 3637 584 3711 posse
612 3609 770 3682 arbitror.
785 3609 872 3681 Odit
898 3610 994 3678 enim
1020 3611 1167 3707 provin-

163 3737 262 3807 ciam.
288 3739 336 3808 Et
361 3737 499 3811 hercule
524 3736 611 3809 nihil
641 3735 819 3830 odiosius,
856 3733 945 3805 nihil
974 3733 1165 3806 molestius.

163 3861 313 3960 Deinde,
341 3877 378 3934 ut
403 3863 521 3935 mihis
548 3860 636 3934 nolit
661 3884 800 3956 negare:
826 3858 995 3958 quidnam
1022 3860 1091 3933 mei
1116 3860 1162 3931 sit
