2626 4854
532 311 571 392 tn
595 345 784 394 nersroms
1089 330 1159 424 343

154 474 171 532 7
193 453 308 533 Nempe
336 449 444 522 Hier03
467 470 513 530 cp.
535 447 649 518 CCIII,
681 468 704 505 1.
728 447 852 506 Moleste
863 448 929 529 fers
956 450 1160 534 explicatius

192 580 275 640 seqq.
296 570 329 617 ot
349 578 370 617 o
389 557 494 639 qnibus
514 556 603 616 victus
623 557 686 613 est?
708 555 834 615 scilicet:
855 577 983 637 aegrene
1004 559 1076 631 fers,
1092 561 1161 621 Hir-

191 687 261 726 sum
276 667 390 726 victum
409 666 439 723 in
457 663 606 724 aedilitate
619 684 636 722 a
650 661 754 723 Caelio
773 662 871 722 Rufos
883 664 952 724 Vid.
964 686 1010 747 ep.
1024 666 1120 740 CCII,
1133 688 1160 728 2.

191 775 322 845 Patrue,
337 772 399 832 cfer
413 793 482 832 eum
497 792 545 853 ep.
558 771 669 832 CCXX
684 781 757 832 extr.
778 770 852 832 Mox
866 771 976 833 Schiitz
996 778 1049 856 qui
1066 798 1097 835 se
1111 798 1160 838 vo.

193 880 246 952 let,
268 881 369 943 nescio
390 900 428 939 an
450 878 596 940 consulto.

151 988 346 1069 8Integr0s3
373 1007 442 1069 epp.
464 986 610 1048 LXXVII
630 996 661 1045 et
683 985 857 1057 CXCVIII,
882 987 911 1060 4.
939 987 1029 1049 Hunc
1058 989 1158 1050 locum

191 1097 234 1155 sic
254 1094 313 1176 legi
330 1091 458 1154 volebat
477 1113 512 1153 ex
533 1113 588 1153 ms.
608 1091 712 1154 Vrsini
734 1091 865 1154 habente
883 1092 1041 1156 detraxere
1060 1096 1159 1157 Eme-

192 1204 282 1262 stius:
304 1200 369 1261 Nos
383 1199 500 1260 Etesiae
510 1235 551 1247 -
563 1198 732 1260 tardassent:
750 1199 907 1262 dstruueoe
926 1199 988 1259 XX
995 1180 1071 1284 ipsos
1088 1202 1158 1264 dies.

190 1309 294 1370 Etiam
313 1309 472 1388 aphractus
488 1306 687 1382 Rhodiorum
701 1308 814 1369 scilicet
827 1308 956 1369 detraxit
969 1309 1083 1392 aliquid
1098 1310 1159 1372 die·

190 1437 261 1476 rum
282 1424 409 1498 propter
429 1413 665 1475 imbecillitatem
686 1416 808 1496 navIgiI.

148 1547 171 1608 9
191 1526 227 1584 In
248 1543 367 1584 navem.
388 1523 463 1582 Nam
478 1523 541 1583 sine
556 1521 723 1582 adiectione
736 1522 817 1582 scavis
831 1524 874 1583 sic
893 1522 1088 1584 conscendere
1107 1523 1159 1582 Ci-

191 1651 263 1691 cero
283 1640 420 1713 usurpat.
445 1630 550 1692 Groeu.
565 1627 638 1692 Mox
659 1627 696 1690 L.
723 1627 873 1712 Tarquitio
893 1627 971 1689 bene
990 1629 1160 1711 Malaspina

189 1758 226 1798 ex
246 1737 354 1818 Poggii
375 1748 405 1797 et
426 1737 493 1797 Ant.
514 1735 594 1796 libro
615 1737 765 1810 correxit,
785 1757 844 1819 pso
864 1736 948 1818 vulg.
970 1735 1005 1795 L.
1033 1734 1159 1818 Tarqui·

190 1846 253 1916 uio,
267 1864 371 1904 rasum
385 1855 416 1904 et
427 1845 557 1904 invisum
572 1844 720 1904 Romanis
731 1853 801 1926 post
814 1845 924 1905 eiectos
939 1863 1024 1925 regas
1037 1863 1158 1904 nomen.

152 1973 189 2014 ιο
211 1951 356 2012 Idoneam
377 1950 417 2012 ad
436 1951 641 2033 navigandum
663 1961 872 2033 tempestatem
894 1952 1053 2034 captaturi.
1113 2018 1117 2027 ,

152 2082 184 2122 11
211 2054 360 2131 Gratum,
381 2058 465 2141 quod
485 2058 718 2132 raudusculum,
733 2057 793 2118 hoc
806 2069 865 2131 est,
879 2033 1009 2139 parvum
1024 2078 1074 2118 aes
1086 2057 1160 2118 alie-

190 2185 267 2227 num
293 2168 380 2249 (epp.
401 2166 470 2226 CXI
492 2177 521 2226 et
541 2164 710 2240 CCXCIII,
730 2164 771 2245 6)
792 2165 972 2226 dissolveris.
1084 2167 1088 2175 '

152 2294 187 2334 sa
209 2275 346 2356 Lipsius,
358 2271 467 2332 Lamb.
481 2274 600 2347 Iunius,
615 2272 735 2356 Popma
756 2292 825 2332 cum
847 2270 988 2332 Emestio
1002 2283 1108 2333 eontra
1122 2272 1160 2331 li-

187 2380 263 2442 bros
279 2401 355 2440 unus
367 2380 474 2452 hostis3
494 2380 586 2461 idque
608 2400 644 2440 ex
665 2381 752 2461 epist.
773 2377 941 2454 CCIICIII,
960 2377 997 2450 5,
1016 2377 1070 2437 ubi
1091 2400 1160 2439 ean·

187 2488 257 2548 dem
281 2508 345 2546 rem
367 2486 473 2548 eodem
495 2486 588 2546 modo
620 2485 710 2546 dicit:
737 2484 827 2546 Nunc
855 2487 938 2546 illum
960 2484 1161 2565 (Bibulum),

187 2593 365 2679 octipedem
384 2607 488 2676 porto,
508 2592 611 2678 quoad
632 2593 723 2654 tosus
742 2594 784 2653 cis
799 2592 984 2674 Euphratem
1001 2591 1079 2674 suit,
1102 2614 1161 2652 non

186 2701 342 2775 extulerit,
355 2702 463 2763 honore
475 2703 626 2783 augeri-
635 2699 764 2762 dedecus
778 2711 822 2760 cst
835 2713 982 2772 nostrum
1003 2709 1033 2760 et
1054 2699 1161 2780 aliquo

188 2808 283 2889 modo
305 2811 394 2869 etiam
416 2829 451 2869 ex
472 2808 538 2868 cod.
553 2808 717 2880 Tornaes,
731 2810 782 2890 qui
798 2807 896 2888 hospis
908 2806 1009 2866 habet.
1031 2805 1091 2866 Sed
1106 2807 1160 2864 Iso-

186 2937 256 3000 spes
275 2918 396 2997 egregie
415 2926 530 2976 metum
544 2915 647 2976 Bibuli
662 2915 793 2989 extollit,
813 2924 848 2976 ut
867 2915 1021 2975 Manutius
1043 2924 1073 2974 et
1093 2913 1161 2974 Cle·

187 3027 270 3084 ricus
297 3022 446 3084 viderunt
473 3024 561 3086 Vnus
586 3033 687 3084 autem
716 3022 818 3096 addit,
844 3035 879 3084 ut
905 3044 969 3084 rem
997 3022 1159 3082 mllitacem

185 3130 290 3192 Bibuli
311 3129 479 3213 deprImat,
499 3152 647 3214 suamque
667 3142 794 3214 augeat,
816 3130 984 3214 quodcum
1003 3128 1161 3212 pluribus,

186 3237 249 3298 hoc
268 3248 314 3298 est
333 3237 579 3312 Amaniensibus,
599 3239 805 3316 dimicaverit,
827 3260 874 3321 ep.
897 3237 1101 3307 CCXXVIII,
1126 3258 1148 3295 r.

149 3344 185 3407 13
206 3347 280 3424 Qua
299 3345 404 3406 consul
424 3366 480 3429 per
500 3358 569 3408 octo
590 3368 707 3408 menses
728 3368 761 3408 se
781 3349 879 3408 tenmt
901 3348 968 3428 (ap.
982 3344 1072 3406 XLV
1083 3353 1159 3404 extr.

157 3495 161 3503 ·
187 3455 221 3513 in
243 3455 324 3533 not)
346 3464 430 3514 metu
449 3454 586 3517 Caesaris
607 3454 749 3537 collegae.

151 3562 188 3640 14
210 3561 424 3644 supplendum
445 3564 569 3646 scripsi,
588 3564 636 3625 vel
657 3561 812 3625 scribendo
830 3568 1013 3642 superessent
1031 3555 1109 3615 maisi.
