2626 4854
267 331 315 422 64
599 346 769 395 nrrsrona
796 347 923 394 cccvii.
1046 344 1177 394 ωηο.
1197 347 1242 406 7⁰³

264 454 351 525 lium
364 507 374 550 7
398 450 494 552 quod
519 450 618 521 initio
644 449 801 521 Aristoni
825 461 962 544 nostro⁷
987 459 1027 517 nt
1052 446 1099 518 ad
1124 473 1181 518 me
1208 473 1287 520 ve·-

263 581 333 674 nit,
359 575 512 649 ostendi:
531 599 652 672 graves
678 588 713 645 te
738 587 982 672 suscepturum
1001 573 1223 672 inimicitias,
1240 573 1269 646 si

264 702 498 777 adolescens³
525 713 651 800 potens
678 714 713 771 et
738 699 866 771 nobilis
892 725 913 770 a
938 712 973 771 te
997 700 1195 796 ignominia
1222 699 1268 771 af-

262 830 374 904 fectus
399 840 497 900 esset.
522 828 571 898 Et
595 824 711 898 hercle
736 826 810 897 sine
837 824 945 897 dubio
971 826 1038 896 erit
1062 823 1265 922 ignominia.

262 956 380 1030 Habes
406 957 499 1027 enim
524 955 698 1025 neminem
715 952 887 1024 honorisl
905 952 1014 1050 gradu
1032 954 1263 1052 superiorem.

262 1082 325 1171 Ille
351 1095 486 1177 autem,
509 1095 549 1151 ut
575 1079 735 1152 omittam
752 1077 991 1176 nobilitatem,
1007 1078 1077 1150 hoe
1094 1080 1174 1178 ipso
1194 1080 1266 1151 vin·

263 1210 312 1280 cit
337 1207 430 1282 viros
468 1207 643 1306 optimos,
676 1205 903 1304 hominesque
935 1205 1268 1302 innocentissimos,

262 1333 394 1431 legatos
428 1347 522 1429 tuos,
549 1330 645 1432 quod
675 1344 711 1401 ct
735 1344 899 1431 quaestor
932 1345 1003 1428 est7
1029 1344 1065 1402 et
1099 1344 1266 1433 quaestor

262 1471 351 1530 tuus.
376 1458 510 1530 Nocere
538 1456 600 1528 tibi
617 1457 743 1528 iratum
761 1457 969 1528 nemiuem⁵
995 1482 1101 1556 posse
1127 1458 1265 1556 perspi-

262 1585 334 1679 ci05
360 1583 422 1656 sed
448 1596 564 1654 tamen
590 1596 659 1653 tres
685 1581 831 1680 fratres,
854 1581 1101 1668 summoloco
1137 1597 1242 1654 natos
1255 1626 1271 1678 ,-

262 1723 421 1808 promtos
435 1765 444 1806 ,
480 1733 553 1779 non
589 1707 798 1805 indisertus,
833 1721 867 1778 te
907 1707 989 1780 nolo
1028 1707 1160 1780 habere
1197 1708 1264 1779 ira-

263 1850 318 1908 tos
326 1891 336 1935 7
361 1837 434 1907 iure
460 1835 683 1935 praesertim5
710 1859 797 1933 quos
831 1833 935 1905 video
961 1834 1128 1933 deinceps
1155 1833 1265 1906 tribu·

262 1987 328 2034 nos
352 1961 465 2061 plebis
491 1987 555 2060 per
580 1961 803 2032 triennium⁶
829 1960 910 2032 lore.
939 1962 1117 2060 Tempora
1147 1975 1264 2033 autem

260 2089 310 2160 rei
342 2087 503 2186 publicae
536 2085 652 2185 qualia
685 2086 799 2157 futura
833 2087 919 2184 siut,
946 2088 1022 2187 quis
1056 2085 1148 2158 scit?
1178 2087 1266 2159 mibi

262 2211 405 2311 quidem
430 2210 630 2283 turbulenta
656 2210 821 2283 videntur
846 2213 928 2284 fore.
954 2213 1025 2285 Cur
1050 2238 1114 2309 ego
1141 2227 1178 2285 te
1204 2210 1291 2288 ve-v

259 2336 321 2408 lim
345 2337 497 2408 incidere
529 2337 567 2406 in
592 2350 772 2409 terrorest
798 2335 1024 2409 tribunicios?
1049 2339 1262 2436 praesertim

260 2488 368 2561 quum
393 2463 466 2534 siue
493 2462 695 2562 cuiusquam
720 2462 988 2561 reprehensione
1017 2465 1262 2564 quaestoriis⁸
1298 2549 1305 2555 ἣ

260 2587 382 2685 legatis
401 2602 620 2689 quaestorem
638 2589 750 2689 possis
769 2588 959 2661 anteferre?
976 2590 1047 2681 Qui
1064 2590 1092 2661 si
1115 2589 1264 2688 dignum

262 2741 298 2786 se
325 2714 514 2787 maioribus
541 2717 611 2787 suis
637 2714 836 2815 praebuerit
860 2722 920 2803 (ut
941 2741 1043 2815 spero
1061 2729 1097 2787 et
1114 2727 1266 2814 optus),

260 2853 320 2911 tua
346 2839 420 2912 laus
447 2868 489 2912 cx
515 2824 631 2941 aliqua
657 2855 756 2939 parte
781 2841 899 2912 luerit:
926 2842 980 2912 sin
1005 2839 1091 2941 quid
1109 2840 1265 2913 offende-

243 2965 321 3035 rit:
348 2965 414 3036 sibi
439 2978 569 3062 totum,
598 2965 685 3036 nibil
718 2964 782 3036 tibi
812 2963 1004 3039 offenderit.
1042 2968 1143 3059 Quae
1177 2965 1267 3038 mibi

189 3140 192 3145 -
260 3089 451 3161 veniebant
477 3090 514 3161 in
539 3103 706 3188 mentem,
732 3118 820 3192 quae
846 3091 892 3164 ad
918 3106 952 3182 te
976 3094 1152 3191 pertinere
1171 3091 1265 3164 arbi·

260 3215 395 3319 trahar,
430 3217 526 3317 quod
557 3218 594 3288 in
627 3216 785 3290 Ciliciam
815 3219 1062 3317 proficiscebar
1081 3235 1122 3317 ¹⁰,
1148 3220 1265 3292 existi·

261 3344 355 3414 mavi
381 3369 436 3414 rue
463 3319 570 3416 επΓιε
596 3358 759 3444 oportere
783 3345 941 3418 scribere.
968 3347 1040 3444 Tu⁷
1063 3345 1162 3451 quod
1184 3373 1264 3444 ege·

260 3467 326 3566 ris,
355 3467 392 3538 id
428 3470 529 3540 velim
564 3469 612 3542 dii
646 3470 853 3570 approbent.
887 3472 956 3544 Sed
982 3473 1010 3543 si
1037 3497 1093 3543 me
1118 3471 1265 3568 audies,

261 3593 386 3664 vitabis
411 3594 631 3694 inimicitias,
664 3611 699 3668 et
731 3599 944 3697 posteritatis
966 3613 992 3647 ¹¹
1020 3598 1093 3670 otio
1134 3623 1263 3670 consu-

260 3715 319 3790 les.
346 3719 443 3791 Vale.
