2626 4854
152 322 219 413 124
486 339 656 389 carsrona
682 339 799 387 cctxx.
933 334 965 383 Α.
977 336 1014 384 v.
1032 336 1063 384 c.
1083 335 1130 395 703

310 590 363 642 Ser.
382 588 455 640 Tarsi
475 592 504 638 t.
527 587 558 638 t'.
577 587 605 639 C.
626 584 733 637 ucetlt
744 621 751 650 ,
770 598 856 634 mense
872 580 995 652 Quintili.

461 839 605 904 CICERO
630 837 780 901 ATTICO
807 836 837 899 S.

199 1085 353 1178 Qriiutus
370 1083 460 1156 filius
466 1138 476 1181 ,
493 1083 550 1182 pie
567 1097 577 1132 ¹
596 1107 697 1180 sane,
713 1107 770 1154 me
788 1076 931 1183 quidem
948 1094 1045 1154 certe
1064 1076 1153 1152 mul·

148 1198 226 1284 tum
248 1210 433 1305 hortante,
459 1208 522 1281 sed
546 1221 742 1280 currentem
760 1224 774 1255 ²
802 1208 959 1280 animum
975 1207 1089 1307 patris
1105 1208 1157 1278 sui

150 1338 263 1409 sorori
289 1350 369 1408 tuae
395 1335 642 1408 reconciliavit.
679 1336 773 1406 Eum
806 1333 909 1407 valde
940 1335 1052 1406 etiam
1078 1347 1155 1406 tuae

149 1462 270 1535 literae
296 1463 501 1535 excitamnt.
527 1461 625 1554 Quid
650 1459 813 1563 quaerisl
838 1460 981 1533 confido
1008 1473 1156 1558 1·em,ut

151 1589 329 1686 volumus,
358 1614 441 1660 esse.
459 1590 518 1661 Bis
545 1589 590 1661 ad
609 1602 642 1661 te
661 1602 763 1660 antea
781 1588 904 1687 scripsi
922 1589 937 1636 ³
961 1586 1007 1659 de
1024 1611 1064 1658 re
1080 1610 1156 1657 mea

151 1713 327 1815 familiari,
353 1716 381 1788 si
400 1715 506 1787 modo
525 1715 590 1786 tibi
608 1714 765 1787 redditae
782 1712 903 1785 literae
922 1724 1025 1811 sunt,
1052 1710 1157 1784 Grae·

152 1869 210 1942 ce,
234 1847 264 1912 ἐν
290 1847 435 1937 αἰνιγμοῖς
459 1840 483 1913 l.
511 1841 664 1938 Scilicet,
696 1839 783 1912 nihil
809 1854 862 1912 est
886 1836 1107 1912 movendum
1132 1836 1156 1906 ⁵.

58 2025 61 2029 -
151 1969 222 2042 Sed
254 1984 391 2069 tamen,
427 1973 544 2050 ἀφελῶς
578 1967 843 2067 percunctando
877 1965 920 2037 de
953 1963 1157 2037 nominibus

150 2096 306 2191 Milonis,
330 2110 380 2194 et,
410 2110 450 2168 ut
468 2095 648 2194 expediat,
672 2110 713 2167 ut
729 2094 815 2167 mihi
832 2093 985 2192 recepit,
1012 2092 1158 2165 hortan-

61 2304 63 2309 ,
152 2220 217 2320 do,
243 2221 373 2322 aliquid
400 2237 437 2293 tu
456 2224 618 2322 proficies
636 2226 661 2294 ⁶.
686 2225 764 2321 Ego
782 2220 977 2294 Laodiceae
995 2232 1158 2320 quaesto-

150 2372 225 2451 rem
250 2348 459 2419 Mescinium
485 2364 687 2446 exspectare
712 2349 815 2441 iussi,
839 2361 879 2418 ut
903 2345 1087 2418 confectas
1104 2369 1158 2417 ra-

150 2473 263 2545 tiones
293 2493 306 2539 7
340 2473 415 2572 lege
447 2472 533 2547 Iulia
570 2476 666 2574 apud
699 2475 785 2547 duas
819 2473 979 2547 civitates
1018 2470 1155 2572 possim

149 2598 353 2701 relinquere.
380 2602 543 2674 Rhodum
577 2601 659 2674 volo
693 2626 882 2700 puerorum
907 2625 1035 2696 causa,
1076 2597 1163 2669 inde

150 2731 408 2829 quamprimum
421 2730 612 2801 Athenasssz
631 2730 696 2799 etsi
714 2730 840 2799 etesiae
858 2725 961 2799 valde
979 2723 1114 2797 reflant
1126 2742 1163 2822 a,

151 2855 214 2925 sed
239 2855 343 2952 plane
369 2856 450 2927 volo
477 2857 530 2927 his
557 2854 828 2952 magistratibus,
854 2877 1005 2953 quorum
1033 2852 1163 2924 volun·

152 2992 260 3051 tatem
284 2982 322 3051 in
347 2981 603 3081 supplicatione
621 3009 698 3054 sum
717 2995 879 3080 expertus
901 2995 940 3051 ¹⁰.
958 2979 1018 3049 Tu
1036 2992 1164 3050 tamen

149 3105 249 3177 mitte
275 3106 360 3178 mihi
367 3163 377 3205 ,
403 3134 549 3208 quaeso,
574 3109 716 3181 obviam
741 3107 872 3206 literas,
896 3104 1076 3205 numquid
1094 3132 1165 3207 pu-

148 3245 202 3303 tes
232 3233 283 3304 rei
315 3233 476 3334 publicae
513 3237 656 3309 nomine
689 3235 903 3308 tardandum
935 3258 1014 3304 esse
1040 3232 1160 3305 nobis.

149 3356 233 3432 Tiro
260 3360 307 3431 ad
330 3375 366 3432 te
393 3362 547 3435 dedisset
571 3363 704 3459 literas,
730 3362 797 3433 nisi
823 3388 902 3432 eum
928 3330 1088 3456 graviter
1106 3385 1165 3432 ac-

149 3511 248 3581 grum
266 3485 481 3587 reliquissem
496 3506 533 3559 ¹¹.
548 3490 617 3561 Sed
634 3491 814 3586 nuntiant,
831 3486 955 3558 melius
974 3511 1063 3558 esse.
1078 3487 1161 3583 Ego

149 3624 267 3684 tamen
293 3639 410 3711 angor.
436 3615 532 3687 Nihil
558 3617 651 3689 enirn
676 3614 736 3688 illo
763 3613 986 3688 adolescente
1011 3612 1171 3703 castiu5‚

150 3737 236 3811 nihil
264 3739 470 3838 diligentius.
