2626 4854
165 334 235 408 320
530 350 803 402 aruorarroras

167 457 203 520 16
220 453 341 518 Praeda
360 463 487 516 vocatur
507 451 552 526 id,
573 454 656 536 quod
676 475 712 515 ex
732 451 872 514 hostibus
891 465 1020 536 partum
1033 455 1163 518 nondum

200 583 300 646 neque
313 561 444 623 divisum
458 571 518 634 est,
530 581 630 643 neque
640 560 766 621 urbanis
779 560 994 643 quaestoribus
1009 563 1162 636 traditum,

200 681 235 731 ut
254 672 276 731 ii
296 688 369 730 mox
387 671 419 729 in
433 669 583 729 aerarium
599 667 753 728 inferrent.
767 668 843 728 Post
860 667 1046 730 divisionem
1059 671 1165 753 praeda

199 798 263 838 non
283 776 410 853 dicitur3
431 775 501 837 ideo
521 773 667 857 praedam
689 773 798 835 Cicero
817 786 909 836 vocat
933 795 1004 836 eam
1024 780 1164 861 peetmiae

198 897 331 970 partem,
345 905 439 968 quae,
460 882 591 945 venditis
605 884 763 964 mancipiis
775 882 858 944 bello
871 885 985 966 captis,
998 895 1122 958 exacta,
1131 885 1164 944 ad

197 992 348 1076 populum
368 990 405 1050 R.
424 988 615 1073 pertinebat:
645 998 764 1071 partem
785 1000 888 1051 autem
908 989 969 1050 sibi
989 989 1162 1051 attributam

197 1119 260 1160 non
279 1100 341 1157 iam
359 1095 524 1178 praedam,
545 1094 598 1157 sed
615 1097 775 1177 pecuniam
794 1097 937 1180 appellat.
956 1130 995 1143 -
1014 1097 1112 1176 Quod
1129 1097 1163 1159 ad

141 1260 146 1274 ,
196 1203 379 1288 praefectos,
392 1202 524 1286 praedae
539 1202 697 1275 custodes,
710 1206 831 1275 attinet,
852 1225 890 1263 ne
902 1204 1001 1265 lector
1014 1211 1161 1267 communi

196 1310 347 1371 vocabulo
367 1310 556 1393 decipiatur,
576 1309 740 1370 dicendum
761 1321 826 1383 est,
850 1322 927 1394 quot
946 1318 1064 1394 genera
1082 1334 1160 1396 prae·

195 1419 345 1479 sectorum
367 1419 398 1478 in
420 1417 575 1478 Ciceronis
595 1419 754 1500 provincia
774 1417 903 1492 fuerint,
923 1430 956 1480 et
976 1422 1104 1502 quinam
1116 1418 1161 1480 bic

197 1524 415 1608 significentur.
436 1525 556 1585 Genera
577 1526 670 1606 igitur
695 1524 781 1585 fuere
810 1536 963 1607 quatuor,
995 1548 1095 1586 unum
1114 1548 1160 1588 eo

197 1653 282 1704 rum,
303 1634 356 1714 qui
376 1630 570 1712 equestribus
591 1635 700 1692 turmis
728 1643 904 1715 praeerant3
936 1616 1089 1706 alterum,
1113 1636 1158 1714 qui

196 1739 343 1814 evocatis3
364 1739 508 1810 tertium,
530 1739 600 1820 qui,
620 1737 732 1819 quibus
752 1741 784 1817 in
804 1738 978 1809 ciuitatibus
998 1741 1160 1824 proconsul

196 1844 315 1906 assidue
336 1846 518 1905 commorari
538 1865 601 1904 non
620 1856 739 1926 posset,
757 1847 791 1905 in
810 1847 847 1906 iis
867 1847 925 1928 ipsi
946 1848 995 1906 ius
1018 1845 1159 1922 diceren13

196 1962 340 2034 quartum
368 1971 462 2033 genus
488 1951 547 2012 fuit
571 1951 715 2034 praefecti
749 1951 888 2026 fabrum,
915 1953 967 2015 vel
995 1955 1158 2038 praefectus

194 2059 318 2140 potius:
349 2079 421 2118 nam
451 2073 547 2119 unum
568 2057 725 2120 dumtaxat
743 2057 1017 2124 babuisseCicero
1039 2065 1158 2126 videtu.

194 2163 359 2225 Manutius.
389 2166 436 2226 De
462 2167 564 2247 primo
584 2167 804 2249 praefectorum
825 2166 935 2250 genere
955 2168 1011 2230 hic
1031 2171 1157 2255 loquitur

195 2269 309 2330 Cicero.
330 2271 408 2330 Nam
430 2271 589 2355 praefectis
609 2272 748 2348 fabrum,
774 2286 826 2337 aut
846 2278 920 2337 iuris
942 2250 1093 2358 kdicundi,
1112 2288 1157 2338 aut

193 2397 232 2436 ne
256 2388 454 2439 evocatorum
486 2380 610 2463 quidem
638 2382 768 2465 praedae
802 2383 1033 2444 conservandae
1061 2405 1156 2445 curam

193 2485 385 2545 commissam
406 2506 488 2560 esse,
507 2510 570 2549 non
591 2501 636 2550 est
656 2501 691 2550 ut
711 2489 858 2550 credatur.
870 2490 968 2550 Plura
990 2491 1062 2552 vide
1082 2490 1156 2574 apud

193 2593 323 2653 eundem
350 2595 532 2655 Manutium.
564 2596 649 2656 Olim
681 2610 813 2671 curetum
833 2601 965 2658 correxit
987 2599 1156 2669 Ernestius,

192 2711 222 2759 et
242 2699 356 2761 babent
376 2700 446 2762 libri
467 2702 591 2785 plurimi
613 2715 683 2765 vett.
705 2706 805 2765 excusi
826 2714 855 2765 et
875 2725 948 2765 mss.

156 2829 189 2887 17
212 2809 268 2868 Ms.
282 2810 355 2869 Rcc.
377 2820 408 2870 et
428 2821 603 2871 nostrorum
627 2832 749 2883 omnes,
770 2823 890 2893 praeter
914 2810 936 2872 6
962 2822 995 2874 et
1021 2815 1073 2890 14,
1093 2834 1153 2874 cum

191 2913 237 2973 ed.
259 2915 315 2974 Ro.
338 2927 368 2975 et
389 2916 471 2978 Oliv.
494 2917 591 2990 tarde,
617 2930 651 2979 ut
671 2929 740 2980 ante
761 2919 929 2979 Gruterum
950 2919 1111 2982 edebatur.

155 3017 190 3077 18
211 3018 307 3078 Iidem
325 3023 401 3102 petis
420 3044 441 3082 a
462 3045 517 3083 me.

154 3145 190 3204 ¹9
210 3126 352 3205 Legerim
372 3129 489 3188 solitum
509 3131 594 3192 illum
614 3131 720 3194 dicere.

150 3249 189 3289 20
210 3231 387 3307 Quaesieris
408 3238 488 3295 enim
509 3248 541 3298 et
559 3242 707 3320 praetoris
728 3241 901 3300 coniunctio
915 3238 1089 3304 liberorum
1107 3263 1148 3301 ne·

189 3339 360 3400 cessitudini
388 3346 527 3424 proxima
546 3345 618 3421 fuit3
649 3368 695 3429 ep.
716 3347 872 3411 CDXClV
893 3350 981 3420 init,
1004 3362 1035 3410 et
1055 3353 1084 3410 in
1101 3350 1146 3410 Di·

187 3447 278 3507 vinat.
291 3449 322 3507 in
337 3450 375 3526 Q.
394 3451 479 3511 Caec.
496 3475 540 3536 19.
555 3454 626 3512 Mox
639 3453 678 3512 de
688 3466 842 3537 praetore,
861 3467 993 3517 vocatur
1005 3461 1048 3517 sic
1067 3457 1144 3516 Bibu-

187 3550 234 3611 lus
244 3598 256 3626 ,
276 3557 328 3634 qui
349 3559 511 3637 proconsul
533 3559 654 3620 videtur
667 3560 867 3644 appellandus
876 3561 984 3637 fuisse,
1007 3566 1063 3624 ivit
1076 3567 1140 3623 enin

187 3669 257 3737 post
277 3663 466 3724 consulatum
498 3667 530 3724 in
559 3665 690 3748 Syriam.
711 3667 759 3727 Sic
780 3688 827 3750 ep.
854 3667 945 3740 CCL,
975 3668 1012 3741 8,
1033 3681 1092 3729 not.
1109 3669 1135 3742 l¹

186 3764 269 3843 quod
284 3773 416 3847 praetori
433 3771 506 3833 dare
527 3788 720 3837 coronassent.
735 3775 895 3836 Manutius.
916 3775 942 3839 l'
945 3776 997 3838 ide
1011 3797 1087 3857 quae
1105 3772 1133 3832 ibi

188 3868 325 3935 diximus.
