2626 4854
599 362 767 410 errsrom
794 363 903 407 ccurx.
1036 354 1069 403 u
1086 357 1122 403 v.
1141 356 1170 403 r.
1188 353 1237 417 70³

680 588 835 662 CCLIX.
996 625 1243 686 (mmmm

260 769 481 852 Argumnrum.
501 768 596 840 Petit,
616 778 651 831 ut
666 762 814 833 Evandro
829 766 974 827 statuario
988 763 1026 825 de
1039 765 1166 826 sacrarii
1180 763 1266 826 habi-

301 878 415 947 tatione
435 875 617 936 commodet.

369 1056 424 1108 Ser.
442 1050 583 1109 Laodiceae
601 1054 633 1107 Δ.
651 1052 686 1108 V.
703 1052 732 1108 C.
751 1051 877 1120 occul,
894 1059 955 1105 oute
973 1051 1041 1105 Nou.
1059 1051 1153 1105 Maias.

564 1253 709 1318 CICERO
733 1250 904 1318 MEMMIO
930 1251 961 1316 S.

310 1476 349 1552 C.
374 1476 512 1552 Avieno
537 1475 707 1550 Evandro
727 1489 752 1575 ¹,
777 1475 837 1578 qui
862 1472 999 1548 habitat
1015 1474 1134 1547 intuo
1151 1499 1267 1548 saera-

261 1604 315 1676 rio
327 1620 354 1703 ²,
370 1616 406 1676 et
422 1604 502 1705 ipso
528 1601 677 1676 multum
703 1615 801 1702 utor,
817 1615 854 1674 et
870 1614 1022 1701 patrono
1039 1601 1114 1674 eius
1131 1599 1181 1673 M.
1197 1600 1266 1674 Ae·

261 1728 359 1803 milio
383 1727 659 1805 familiarissime.
685 1730 773 1802 Peto
799 1729 905 1828 igitur
930 1753 950 1800 a
975 1739 1011 1800 te
1035 1726 1075 1798 in
1095 1726 1266 1799 maiorem

261 1855 426 1955 modum,
450 1854 545 1957 quod
563 1858 636 1929 sine
655 1869 714 1930 tua
731 1854 892 1928 molestia
910 1855 984 1953 fiat,
1000 1867 1041 1926 ut
1056 1854 1089 1926 ei
1108 1852 1153 1925 de
1170 1850 1267 1926 habi·

262 1985 395 2056 tatione
421 1982 676 2057 accommodes.
701 1983 792 2056 Nam
814 1994 961 2082 propter
978 2006 1087 2080 opera
1104 1980 1266 2057 instituta

261 2107 371 2180 multa
389 2107 597 2207 multorum,
623 2107 778 2181 subitum
803 2121 857 2180 est
882 2107 915 2179 ei
940 2106 1160 2204 remigrare³
1186 2104 1265 2179 Καὶ

263 2232 477 2324 Quintilibus
494 2233 726 2332 tflmpedior
757 2232 988 2331 verecundia,
1019 2255 1065 2330 ue
1090 2244 1127 2304 te
1160 2230 1269 2332 pluri·

129 2392 136 2399 ’
263 2355 329 2432 bus
355 2356 473 2432 verbis
498 2384 620 2457 rogem
638 2361 661 2430 ⁵.
696 2340 818 2461 Neque
852 2373 971 2432 tamen
998 2358 1139 2455 dubito,
1165 2359 1268 2460 quin,

263 2483 292 2556 si
320 2496 377 2556 tua
402 2483 505 2585 nihil,
531 2499 592 2558 aut
615 2510 688 2559 non
709 2479 860 2559 multum
875 2487 1035 2586 intersit⁷
1059 2510 1103 2559 eo
1129 2484 1178 2557 sis
1196 2485 1269 2556 aui-

263 2636 341 2711 mo⁷
367 2636 437 2713 quo
462 2637 527 2712 ego
554 2639 680 2712 essem,
706 2614 736 2686 si
761 2612 847 2717 quid
864 2627 903 2686 tu
917 2637 977 2686 me
1001 2637 1154 2713 rogares.
1180 2609 1268 2685 Mihi

264 2752 356 2812 uerte
383 2740 616 2837 gratissimum
640 2740 771 2815 feceris.

690 2976 828 3067 CCLX.
989 3033 1043 3088 (Aa
1054 3032 1107 3076 utv.
1124 3032 1197 3089 xm,
1215 3034 1244 3087 3)

264 3168 483 3247 Argumentum.
504 3168 628 3229 Fufium
649 3169 808 3251 diligenter
829 3168 1030 3230 commendat.
1140 3237 1144 3246 ¹

373 3345 428 3399 Sor.
447 3347 587 3402 Laodiceae
606 3348 636 3401 Δ.
654 3347 687 3404 V.
705 3349 733 3402 C.
754 3349 879 3416 occur,
897 3357 957 3401 aute
975 3348 1042 3401 Non.
1063 3348 1152 3404 Maias.

408 3545 456 3613 M.
481 3548 516 3610 T.
542 3546 686 3612 CICERO
712 3547 745 3611 C.
769 3547 940 3612 MEMMIO
965 3546 995 3610 S.
1019 3546 1053 3610 P.
1077 3547 1116 3613 D.

312 3746 352 3817 A.
378 3743 518 3822 Fufium
537 3765 561 3848 ¹,
586 3755 700 3821 unum‘
721 3774 764 3820 ex
789 3748 876 3822 meis
900 3748 1034 3822 intimis
1041 3803 1051 3848 7
1076 3748 1268 3823 observan-

263 3870 433 3945 tissimum
458 3873 819 3978 studiosissimumque
845 3876 971 3974 nostri,
996 3873 1177 3949 eruditum
1201 3875 1269 3949 ho·
