2626 4854
262 350 337 423 236
594 370 765 417 surorum
792 371 927 416 ccxcvi.
1051 365 1180 417 nnc.
1199 370 1242 431 ,σε

259 475 344 572 tibi,
369 499 443 546 non
469 470 616 544 moleste
642 471 724 545 fero.
750 474 829 569 Ego
855 472 893 543 in
914 469 1158 544 Tusculanum
1185 472 1267 545 nihil

258 626 345 675 sane
369 600 439 674 hoc
465 613 627 698 ternpore
641 616 665 670 ⁷.
683 599 836 672 Devium
859 612 914 670 est
940 604 1001 676 τοῖς
1027 607 1218 692 ἀπαντῶσιν,
1236 610 1268 671 et

258 727 369 801 habet
394 726 459 799 alia
487 728 677 821 &avfferre
712 724 783 797 Sed
809 722 853 798 de
887 724 1083 798 Formiano
1111 725 1267 799 Tarraci-

259 880 344 927 nam
369 852 484 953 pridie
500 850 580 925 Kal
597 853 693 950 Ian,
717 850 801 923 iude
826 852 1030 925 Pomtinam
1055 854 1267 962 summam⁸3

258 979 344 1052 iude
369 979 546 1053 Albanum
570 979 749 1081 Pompeii3
772 978 824 1051 ita
842 978 889 1051 ad
905 977 1030 1051 urbem
1054 979 1110 1053 III
1136 977 1265 1078 Nonas,

259 1105 370 1179 natali
395 1132 484 1181 meo.

311 1234 415 1326 4De
449 1261 487 1307 re
521 1231 664 1333 publica
698 1231 858 1334 quotidie
894 1233 1002 1330 magis
1035 1229 1154 1303 timeo.
1190 1232 1266 1305 Nou

261 1362 357 1432 enirn
389 1359 498 1458 boni,
530 1368 570 1432 ut
595 1370 768 1459 putansa,
795 1360 1032 1433 consentiunt
1072 1360 1176 1450 Quos
1209 1384 1266 1456 ego

263 1488 397 1588 equites
423 1488 619 1585 Romanos,
644 1513 734 1588 quos
761 1502 942 1559 senatores
968 1485 1041 1557 vidi
1050 1541 1060 1583 7
1085 1486 1146 1587 qui
1181 1512 1267 1557 acer·

263 1614 350 1685 rime
376 1640 485 1714 quum
511 1627 646 1711 cetera,
663 1626 741 1685 tum
767 1611 837 1685 hoc
862 1613 931 1685 iter
956 1613 1124 1710 Pompeii
1136 1626 1167 1661 ¹⁰
1184 1613 1267 1685 ritu·

264 1739 450 1838 perorent?
474 1740 567 1812 Pace
591 1765 682 1838 opus
708 1752 769 1811 est.
796 1741 850 1811 Ex
868 1739 1014 1811 victoria
1033 1765 1145 1840 quum
1167 1736 1267 1811 multa
1300 1732 1303 1737 ’

263 1865 371 1963 mala,
396 1879 472 1937 tum
498 1879 592 1939 certe
610 1880 781 1965 tyrannus
799 1867 924 1937 existet
939 1880 979 1935 ¹¹.
996 1865 1069 1936 Sed
1085 1864 1177 1937 haec
1194 1890 1266 1963 pro·

262 1991 404 2091 pediem
431 2018 550 2065 coram
569 2008 609 2065 ¹².
634 1995 710 2066 Iam
736 1992 842 2092 plane
867 1991 954 2063 milri
980 1990 1098 2090 deest,
1116 1992 1215 2092 quod
1230 1989 1267 2062 ad

262 2130 300 2191 te
325 2118 484 2190 scribam.
510 2118 585 2192 Nec
611 2119 707 2190 enirn
736 2119 780 2190 de
806 2117 1028 2217 republica,
1055 2117 1159 2219 quod
1182 2131 1265 2189 uter·

264 2269 333 2343 que
359 2258 519 2316 nostrum
537 2246 604 2316 scit
621 2244 743 2317 eadem
759 2246 799 2343 ¹³,
816 2258 852 2316 et
869 2244 1064 2318 domestica
1090 2256 1179 2317 nota
1196 2254 1266 2316 sunt

263 2367 445 2441 ambobus.
472 2369 657 2470 Reliquum
682 2386 737 2442 est
752 2371 877 2468 iocari,
894 2371 924 2442 si
940 2368 1000 2442 hic
1016 2368 1047 2459 {4
1064 2369 1171 2441 sinat
1187 2368 1266 2443 Nam

264 2520 329 2592 ego
356 2493 385 2567 is
411 2523 506 2594 surn7
532 2499 590 2596 qui
617 2496 666 2568 illi
701 2498 849 2570 concedi
881 2511 1004 2597 putem
1034 2495 1159 2568 utilius
1185 2520 1265 2589 esse,

264 2622 360 2724 quod
387 2623 544 2721 postulat
560 2626 604 2722 ¹⁵,
621 2651 726 2724 quam
752 2627 850 2722 signa
873 2623 1033 2696 conferri.
1062 2623 1153 2713 Sero
1183 2622 1261 2693 euin

261 2750 452 2822 resistimus
478 2753 528 2847 ei7
544 2777 648 2851 quoru
666 2776 729 2849 per
746 2775 857 2823 anuos
875 2750 1000 2822 decem
1018 2748 1172 2821 aluimus
1190 2772 1263 2820 sou·

262 2888 318 2946 tra
342 2901 417 2948 nos.
444 2877 542 2966 Quid
566 2879 673 2949 sentis
698 2876 824 2974 igiturl
849 2876 974 2977 inquis.
1001 2873 1101 2947 Nihil
1123 2851 1264 2969 scilieet,

262 3000 331 3072 nisi
366 3001 410 3072 de
445 3005 616 3075 sententia
651 3017 728 3100 tua3
754 2978 819 3075 nec
849 3002 946 3102 prius
980 2998 1148 3103 quidem,
1174 3022 1263 3100 quam

262 3138 423 3200 nostrum
449 3131 627 3227 negotium
642 3132 672 3181 ¹⁶
690 3144 750 3202 aut
777 3128 1050 3224 confecerimus,
1077 3141 1141 3198 aut
1168 3126 1262 3223 depo·

264 3253 444 3325 suerimus.
476 3255 567 3328 Cura
595 3258 716 3354 igitur,
742 3271 782 3328 ut
807 3253 934 3329 valeas.
961 3253 1169 3354 Aliquando
1200 3258 1262 3322 oiri·

263 3384 368 3472 τριψαι
389 3395 417 3445 ¹⁷
446 3396 652 3481 quartanam
684 3385 788 3454 istam
823 3381 1020 3479 diligentia,
1054 3407 1146 3481 quae
1179 3380 1260 3450 inte

265 3528 400 3577 sununs
428 3522 489 3579 est.
