2626 4854
162 345 233 415 282
527 359 799 411 Arnorrrrorrs

188 455 297 547 'inquit
321 461 436 524 Plinius
457 462 511 533 iv,
535 483 583 529 ro,
603 464 677 523 alias
696 461 725 524 6.
745 463 802 525 Est
824 458 958 545 Lepreon
981 463 1012 521 in
1036 461 1160 534 Achaia,

196 570 280 654 quod
296 572 374 631 inter
394 568 485 631 urbes
504 572 534 630 in
556 569 643 630 litore
663 591 720 653 per
738 569 875 630 ordinem
897 569 1061 652 dispositas
1081 569 1157 635 idem

194 689 350 752 numerat3
373 679 451 737 inter
471 697 545 758 quas
572 680 661 737 etiam
689 677 813 737 fuerunt
833 676 979 758 Aliphera
998 687 1031 738 et
1056 675 1158 738 Temo

193 785 321 868 Popma.
342 779 498 845 Ernestiue
518 783 621 847 mallet
641 783 777 866 Lepreon
789 781 951 867 quondam.
972 783 1047 845 ldeo
1060 795 1158 857 autem

196 902 354 974 euhemero,
381 894 442 952 sive
470 911 570 952 turem
594 889 714 952 condito
733 888 880 975 putabat,
899 891 984 973 quod
1010 891 1158 952 Homerus

194 1010 235 1083 τῷ
259 1011 314 1064 τῶν
341 1011 408 1064 νοῶν
439 1007 600 1082 καταλόγῳ,
627 997 718 1071 idest,
744 999 775 1059 io
801 999 919 1063 navium
945 998 1158 1058 enuourntione

194 1104 295 1185 (iliad.
309 1106 356 1186 ll)
369 1126 388 1166 e
400 1104 609 1189 Peloponneso
629 1103 864 1178 discedentium,
883 1106 1071 1167 mentionem
1086 1107 1152 1165 isto·

193 1230 263 1274 mm
288 1230 351 1273 non
377 1212 456 1275 iacit.
486 1211 585 1276 Teneo
610 1212 736 1275 dictavit
762 1232 828 1275 esse
847 1211 1044 1277 scribendum
1066 1212 1155 1273 Grae-

192 1320 260 1379 vius
279 1338 316 1380 ex
335 1318 486 1380 Strabone
504 1320 578 1380 Xlll
599 1331 630 1382 et
650 1319 822 1404 Stephano,
843 1330 874 1385 et
893 1317 1068 1381 rescribunt
1080 1338 1155 1378 nunc

194 1444 307 1487 omnes.
328 1425 399 1487 Mea
425 1427 514 1487 Tem.

158 1535 194 1614 14
214 1536 249 1598 111
268 1533 363 1596 libros
381 1533 422 1594 de
442 1534 485 1596 lle
507 1534 609 1618 puli,
628 1533 667 1594 ed
692 1553 770 1616 quos
795 1532 969 1616 pertinebat
994 1532 1152 1616 disputatio

191 1641 231 1703 do
249 1643 439 1707 renueretis
457 1651 489 1703 et
509 1639 691 1702 mercatibus
712 1642 887 1713 civitatum,
908 1637 1021 1722 quibus
1041 1639 1151 1699 mariti·

191 1766 260 1808 mae
284 1749 382 1830 magle
406 1744 564 1808 abundant
588 1755 620 1808 et
638 1745 768 1828 pollent,
789 1766 880 1828 quam
909 1745 1148 1807 mediterraneae.

191 1840 286 1932 Quod
303 1852 403 1937 ipsum
423 1862 513 1915 etiem
534 1853 669 1938 disputat
681 1853 857 1916 Aristoteles
878 1854 910 1919 in
931 1854 995 1914 suis
1014 1853 1148 1914 Politice

191 1980 261 2021 rum
280 1959 354 2022 libb.
374 1961 419 2021 vl
440 1972 471 2024 et
489 1961 560 2024 Vll.
581 1962 706 2044 Popma.

62 2105 68 2119 ·
155 2067 191 2128 15
211 2069 360 2129 Nimirum
380 2070 413 2129 in
432 2068 572 2152 exemplo
591 2080 646 2130 tuo
668 2069 726 2149 (sc.
745 2066 897 2131 librorum
917 2065 958 2129 de
977 2065 1025 2129 ne
1042 2065 1145 2151 pubi),

190 2176 233 2232 sic
252 2177 387 2255 corrige,
407 2185 437 2234 et
457 2177 500 2235 sic
520 2196 577 2257 ego
597 2177 629 2236 in
649 2196 718 2237 meo
732 2174 870 2260 exemplo
891 2175 1020 2240 correxi.
1042 2173 1142 2234 Emut.

188 2279 266 2339 Nam
279 2281 443 2341 Phliuntios
462 2301 524 2342 non
542 2293 623 2345 recte
643 2285 821 2366 scripserat,
838 2281 981 2364 analogia
997 2280 1143 2364 deceptus,

189 2385 287 2467 quod,
307 2396 343 2448 ut
361 2384 402 2446 ab
420 2395 538 2469 Ὀποῦς,
555 2400 668 2470 Σιοοῦς,
685 2397 863 2469 Ὀπούντιοι,
885 2397 1061 2470 nacturus,
1083 2389 1141 2448 ilem

187 2491 350 2553 Phliuntios
370 2515 388 2554 e
408 2503 502 2566 Φλιοῡς
522 2493 629 2554 deduci
650 2504 820 2577 putaverat
845 2496 971 2555 Monut
991 2493 1139 2556 Phuuuus

186 2611 288 2661 tamen
307 2621 404 2684 aeque
423 2601 482 2663 dici
502 2602 614 2662 incolas
636 2601 725 2662 huius
746 2601 849 2674 urbis,
863 2624 900 2663 ec
915 2604 1078 2678 Philumene,
1095 2622 1138 2662 au·

187 2718 253 2768 ctor
273 2719 318 2769 est
338 2708 509 2791 Stephanus
529 2707 568 2768 de
589 2710 714 2769 urbibus.
738 2709 849 2770 Graev.

150 2813 186 2875 16
205 2817 253 2876 De
273 2816 340 2876 foro
361 2815 529 2879 Laodiceae
549 2816 709 2899 euoch,
733 2839 759 2898 7.

150 2940 184 3000 ¹7
206 2921 261 2981 His
281 2923 451 2984 civitatibus
471 2944 528 3005 ego
549 2923 670 2988 duobus
690 2923 799 2984 modis.
821 2921 946 2986 Garrod

151 3024 187 3085 18
207 3024 311 3088 Placet
328 3027 468 3101 alterum,
489 3040 524 3090 ut
543 3030 582 3091 ad
603 3050 698 3112 geone
725 3029 889 3105 reseratum
917 3032 975 3092 nisi
1005 3029 1137 3109 intelliga-

184 3153 253 3194 mus
278 3153 370 3196 causa
380 3179 391 3208 ,
417 3135 456 3197 ad
482 3158 602 3200 sensum
629 3140 732 3220 potius
758 3139 969 3219 respicientes,
998 3134 1136 3220 quemad

182 3239 286 3302 verba.
314 3240 374 3304 Sed
394 3255 425 3305 et
444 3243 621 3306 Victoriana
652 3245 746 3306 editio
776 3243 870 3310 hebet
896 3245 1035 3306 ahenum.
1058 3244 1136 3306 Mels-

183 3350 278 3430 spina.
305 3350 340 3411 In
361 3349 490 3413 Victorii
517 3355 681 3416 nouissima
706 3353 802 3415 altem
829 3373 954 3434 quoque
974 3353 1096 3435 legitur,
1113 3361 1137 3408 et

183 3454 220 3513 ad
242 3460 443 3540 propinquius
463 3458 535 3522 Huc
547 3492 590 3506 -·
602 3481 634 3519 re
654 3459 747 3520 refert
766 3457 944 3521 Lambinus.

101 3566 105 3574 ’
149 3581 184 3644 ¹9
203 3563 352 3625 Nimirum
375 3572 482 3647 graeci.
508 3566 728 3628 Soloecismum
750 3576 836 3626 notat
849 3566 1022 3649 Malaspina
1036 3568 1066 3627 in
1078 3583 1135 3624 rer·

180 3668 242 3744 bis;
263 3671 315 3731 sed
334 3685 514 3754 usurpatum
535 3694 597 3734 non
620 3695 690 3734 raro
711 3672 846 3755 probatis
875 3673 1091 3757 scriptoribus,
1107 3679 1136 3729 ut

181 3776 303 3839 Terent.
326 3779 399 3840 Hec.
414 3781 467 3852 IV,
487 3782 524 3857 4,
539 3780 578 3842 38
599 3793 694 3841 muter
712 3801 785 3853 suo,
801 3800 860 3863 pro
873 3794 973 3842 neuter
989 3784 1057 3841 eius.
1070 3777 1136 3840 Edd.

182 3900 229 3962 pr.
249 3905 319 3945 cum
332 3887 411 3951 vics
431 3890 619 3967 magestmm
638 3891 680 3964 οἱς
700 3888 752 3949 sed
765 3887 848 3949 furta
861 3909 917 3972 per
931 3891 995 3975 vim
1009 3888 1074 3951 fieri
1086 3905 1136 3948 non

184 3986 280 4050 solere
300 3988 380 4053 idem
402 3995 527 4077 Malesp.
549 3994 769 4057 animadvertit
