2626 4854
278 330 320 400 16
623 351 793 400 urrsroua
819 355 920 401 coru.
957 407 959 413 ,
1051 355 1081 404 s.
1099 360 1132 405 v.
1152 359 1178 406 c.
1200 346 1249 420 7'03

270 457 306 525 in
340 457 521 554 provincia
555 480 632 527 mea
666 455 944 553 negotiabantur.
977 457 1032 528 Tu
1059 473 1174 530 autem
1201 480 1278 533 nfe-

268 583 418 681 miuisti,
443 607 508 653 nos
534 582 583 653 sic
610 607 727 680 agere,
753 595 808 676 ut,
827 595 914 682 quot
932 581 1053 681 vellet,
1078 585 1277 683 praefectu-

267 732 323 779 ras
349 718 516 804 sumeret,
543 706 627 778 dum
652 733 696 779 ne
729 709 940 805 negotiatori
961 724 999 779 ¹9.
1025 711 1149 810 Itaque
1184 711 1276 784 duas

268 834 300 903 ei
338 847 517 932 praeterea
552 832 726 905 dederam.
760 832 830 904 Sed
862 835 908 931 ii,
942 833 1067 935 quibus
1101 837 1276 935 petierat,

268 958 311 1030 de
336 959 518 1058 provincia
545 958 777 1032 decesserant.

314 1084 465 1178 leunc
499 1109 673 1186 cognosce
710 1084 753 1156 de
786 1083 998 1157 Salaminiis:
1032 1087 1131 1186 quod
1167 1087 1271 1160 video

264 1210 329 1281 tibi
368 1213 471 1282 etiam
511 1235 644 1282 novum
681 1210 867 1309 accidisse,
904 1225 1084 1312 tamquam
1123 1212 1210 1283 mihi
1228 1231 1272 1284 2⁰.

263 1338 462 1438 Numquam
488 1338 581 1408 enim
615 1362 658 1408 ex
687 1334 747 1408 illo
785 1337 919 1434 audivi,
953 1336 1049 1409 illam
1082 1339 1297 1436 pecuniam

262 1489 336 1536 esse
362 1490 470 1535 suam.
496 1463 593 1555 Quin
619 1463 726 1534 etiam
751 1461 908 1535 libellum
933 1464 1042 1562 ipsius
1072 1463 1206 1562 habeo,
1230 1467 1269 1535 in

262 1616 332 1690 quo
360 1604 427 1662 est:
457 1589 648 1662 Salaminii
668 1592 864 1690 pecuniam
889 1586 1018 1661 debent
1043 1590 1094 1660 M.
1120 1591 1269 1690 Scaptio

260 1730 296 1789 et
321 1718 363 1789 P.
392 1718 569 1800 Μαίίηἰο,
581 1713 833 1813 serinilr'aribus
856 1719 949 1787 meir.
976 1717 1049 1787 Eos
1066 1716 1153 1787 mihi
1172 1742 1268 1788 com-

258 1841 424 1940 mendat,
458 1841 625 1914 adscribit
659 1842 785 1940 etiam,
811 1855 847 1914 et
872 1842 971 1942 quasi
1000 1840 1114 1913 calcar
1140 1840 1269 1914 admo-

258 1969 594 2069 vet,·intercessisse
610 1984 639 2018 ²¹
659 1994 695 2040 se
721 1993 787 2066 pro
815 1969 855 2039 iis
881 1994 1044 2065 magnam
1065 1967 1266 2067 pecuniam.

256 2095 502 2191 Confeceram,
526 2108 568 2165 ut
592 2094 783 2191 solverent,
809 2094 1006 2165 centesimis
1025 2095 1182 2165 sexennii
1201 2092 1269 2164 du-

257 2223 324 2293 ctis
350 2247 429 2292 eum
455 2221 683 2293 renovatione
709 2218 926 2317 singulorum
954 2244 1128 2290 annorum
1148 2235 1190 2288 ²².
1216 2221 1266 2292 At

256 2346 417 2446 Scaptius
442 2316 631 2448 quaternas
647 2342 859 2445 postulabat.
886 2345 1013 2442 Metui,
1031 2346 1059 2416 si
1077 2346 1265 2444 impetras-

255 2487 325 2572 set,
350 2498 395 2544 ne
421 2486 460 2544 tu
485 2474 562 2571 ipse
588 2497 779 2543 incarnare
798 2469 980 2542 desineres.
1006 2468 1097 2542 Nam
1124 2469 1168 2543 ab
1187 2470 1261 2542 edi-

254 2614 312 2672 cto
339 2623 418 2672 meo
440 2599 676 2697 recessissem,
694 2611 730 2668 et
747 2598 941 2696 civitatem,
958 2598 994 2668 iu
1013 2596 1158 2669 Catonis
1172 2610 1207 2669 et
1225 2599 1262 2668 in

252 2725 361 2824 ipsius
385 2725 485 2798 Bruti
502 2723 571 2796 fide
597 2723 750 2796 locatam
770 2725 811 2821 ²³,
837 2723 992 2822 meisque
1008 2719 1188 2794 beneficiis
1207 2748 1261 2795 or·

252 2865 387 2947 natam,
410 2850 566 2923 funditus
593 2850 833 2950 perdidissem.
859 2851 974 2949 Atque
1000 2847 1070 2921 hoc
1100 2862 1261 2949 tempore

223 2989 225 3002 '
251 2978 330 3076 ipso
356 2977 518 3074 impingit
535 2976 620 3046 mibi
639 2975 826 3075 epistolam
851 2975 1013 3073 Scaptius
1041 2975 1158 3072 Bruti,
1183 3001 1260 3047 rem

249 3101 345 3174 illam
370 3127 433 3174 suo
459 3101 617 3201 periculo
635 3127 708 3174 esse
723 3102 767 3200 ²43
788 3099 885 3201 quod
902 3125 967 3171 nec
985 3099 1072 3172 mihi
1090 3124 1261 3200 umquam

248 3228 377 3301 Brutus
404 3226 553 3326 dixerat,
579 3253 644 3299 nec
681 3228 760 3300 tibi:
788 3229 910 3324 etiam,
935 3239 975 3298 ut
1000 3224 1261 3326 praefecturam

230 3353 390 3454 ‘Scaptio
418 3352 599 3427 deferrem.
634 3353 677 3425 Id
703 3381 788 3428 vero
822 3380 886 3456 per
920 3367 954 3424 te
990 3375 1241 3450 exceperamus
1250 3406 1262 3449 ,

246 3504 292 3550 ne
317 3481 550 3577 negotiatori:
570 3479 667 3582 quod
691 3481 720 3552 si
746 3482 923 3582 cuiquam,
941 3478 1023 3549 huic
1040 3492 1158 3549 tamen
1176 3502 1260 3549 non.

250 3603 382 3677 Fuerat
409 3606 502 3677 enim
528 3606 725 3706 praelectus
743 3607 879 3706 Appio5
905 3619 941 3676 ct
967 3604 1108 3704 quidem
1120 3601 1260 3673 habue-

246 3743 301 3802 rat
333 3744 465 3803 turmas
503 3734 683 3832 equitum,
718 3732 844 3832 quibus
882 3730 1055 3802 inclusum
1090 3730 1127 3798 in
1162 3729 1260 3800 curia

248 3869 408 3928 senatum
442 3856 616 3933 Salamine
650 3857 851 3956 obsederat,
883 3871 921 3928 ut
951 3857 1040 3928 lame
1077 3865 1260 3925 senatores
