2626 4854
260 323 335 399 336
629 347 900 401 tnuorsrionss
1277 402 1282 419 ,

298 462 346 523 tn,
365 449 497 515 Incaluit
507 450 549 513 vis
561 448 617 512 illo
628 450 706 513 mat
720 451 855 534 Vulgato
869 452 965 513 utitur
978 448 1066 535 Virg.
1095 454 1188 517 Geor.
1209 457 1267 530 111,

296 559 379 643 479³

503 718 625 790 Totoque
640 718 762 772 autumni
776 717 914 773 incanduit
931 726 1011 774 aestu.

260 886 297 949 15
316 886 424 949 bamb.
447 887 535 972 quasi
553 886 636 971 quod
653 888 725 949 nuti
740 898 818 962 cto,
838 888 923 971 quod
942 887 1052 951 codem
1082 887 1202 951 recidit
1223 891 1256 955 V
1253 903 1265 951 t

293 996 423 1071 simiki,
441 1016 483 1056 sc.
504 994 617 1069 veluti,
638 995 722 1079 quod
742 995 819 1057 mihi
839 1006 898 1059 etc.

257 1100 294 1164 16
313 1100 408 1183 Quod
427 1122 498 1164 eum
517 1102 551 1164 in
569 1102 726 1165 infamium
745 1124 888 1167 vocarem
900 1102 974 1167 licta
987 1103 1154 1166 simultatis
1166 1125 1261 1166 causa

294 1209 413 1271 Manus

256 1338 292 1400 ¹7
312 1317 393 1379 Male
413 1337 483 1379 mss.
502 1317 591 1379 multi
604 1336 762 1379 accersere.
775 1317 847 1380 Mox
861 1318 970 1379 Polam
984 1316 1137 1395 Servium,
1150 1320 1204 1402 qui
1216 1341 1260 1380 ac·

292 1426 461 1487 cusationcs
474 1422 647 1502 factitabat3
661 1446 709 1508 ep.
724 1426 899 1500 CXXXIV,
915 1446 938 1485 r.
952 1423 1004 1486 Sic
1017 1427 1079 1485 iam
1094 1425 1135 1487 de
1148 1426 1260 1501 Vrsini,

290 1533 437 1603 Munatii,
448 1532 591 1594 Lambini
604 1532 716 1595 iudicio
731 1536 863 1594 correxit
876 1531 1055 1604 Ernestius,
1069 1542 1104 1594 et
1117 1534 1161 1594 sic
1174 1535 1258 1594 mam

291 1638 385 1717 inira3
396 1643 482 1702 orius
493 1639 629 1701 lectionis
643 1642 806 1721 vestigium
821 1641 947 1700 innuere
960 1638 1084 1701 videtur
1096 1650 1202 1703 noster
1214 1641 1258 1717 si,

291 1750 344 1830 qui
365 1747 463 1809 deleta
483 1750 584 1831 prima
602 1749 772 1830 scripturn,
792 1746 914 1808 literam
934 1756 1039 1807 umen
1057 1750 1194 1830 primam
1213 1768 1256 1809 re·

292 1853 382 1936 liquit
401 1856 565 1915 maximam
586 1855 704 1916 Palam.
726 1853 812 1913 Olim
829 1854 935 1937 palam
954 1852 1099 1915 Servium

254 1960 290 2024 ιθ
311 1959 418 2022 Lamb.
439 1974 473 2022 ut
497 1962 559 2023 itta.
584 1962 657 2023 Mox
684 1973 846 2037 ponerem,
871 1959 1095 2037 subornarent3
1124 1961 1255 2022 usitatim

288 2081 481 2151 apponerent
503 2068 592 2129 Amb.
618 2067 654 2129 15
674 2070 855 2150 inponerem
873 2067 940 2129 edd.
962 2070 1039 2129 lens.
1060 2079 1094 2130 et
1113 2069 1189 2135 Min·
1206 2089 1253 2151 po-

290 2189 385 2249 ωιτη
406 2186 437 2237 ct
457 2196 529 2237 mox
548 2174 655 2237 eadem
675 2177 750 2237 Min.
770 2175 997 2239 accmatsbmm.

255 2301 291 2365 ¹9
311 2281 394 2343 Nihil
414 2293 494 2355 erat,
515 2281 599 2364 quod
619 2280 752 2344 obiicere
771 2282 848 2343 mibi
860 2292 993 2366 possent.
1014 2280 1137 2345 Manat
1158 2282 1251 2344 Tacite

289 2389 442 2473 supplevit
461 2389 521 2472 ipsi
537 2387 664 2464 Schiita,
683 2389 853 2474 ediditque:
866 2410 928 2474 qua
939 2390 998 2473 ipsi
1007 2388 1109 2452 dicere
1129 2412 1189 2452 ηοιι
1205 2411 1251 2472 po

290 2506 393 2558 omns.

248 2604 584 2666 20E1tremisdiebus
606 2604 793 2667 Circensium
815 2604 960 2667 ludorum
986 2625 1139 2666 meorum.
1169 2606 1249 2666 Binos

287 2714 369 2772 enim
388 2712 478 2773 ludos
498 2711 609 2773 aediles
642 2713 761 2773 curules
782 2712 915 2785 dabant,
936 2712 1126 2792 Megalenses
1147 2724 1177 2774 et
1197 2713 1248 2771 Ro-

287 2839 410 2892 manos,
430 2830 465 2880 ut
484 2819 615 2880 ostendit
634 2820 695 2879 Dio
715 2820 869 2891 XXXIX,
890 2829 921 2880 et
940 2818 1096 2879 Pedianus
1118 2821 1150 2879 in
1176 2819 1248 2879 Com.

287 2924 491 2987 Cornelianae.
514 2927 572 2986 Hic
592 2926 630 2987 de
650 2927 795 2987 Romanis
810 2924 1058 3007 intelligendum,
1073 2928 1128 3009 qui
1143 2924 1247 2987 daban·

286 3042 337 3091 tur
356 3034 388 3090 in
408 3034 489 3092 circo
511 3033 597 3109 (idco
614 3032 761 3095 Chremes
775 3033 863 3113 dicti)
879 3053 982 3094 mense
997 3032 1191 3114 Septembri,
1203 3051 1248 3115 per

286 3138 421 3218 quinque
441 3136 512 3198 dics.
533 3138 651 3200 Manat
680 3140 808 3199 Suasoris
827 3139 914 3201 abest
935 3160 954 3199 a
972 3149 1154 3201 nostrorum
1183 3159 1245 3221 qua·

286 3252 372 3314 tuor,
393 3253 424 3303 et
444 3246 529 3306 initio
551 3245 681 3308 mambri
701 3268 770 3308 mss.
791 3244 862 3308 Rec.
876 3257 907 3307 et
919 3246 981 3307 duo
1002 3248 1100 3307 nostri
1128 3247 1245 3309 insolen-

287 3351 400 3410 tissime.

245 3476 279 3516 αι
303 3458 351 3518 De
370 3457 501 3518 nefando
523 3462 654 3520 marium
676 3458 860 3534 concubitu,
882 3482 960 3542 quae
980 3481 1116 3544 poenam
1139 3465 1244 3541 irroga·

284 3562 338 3623 bat
357 3564 462 3627 decem
483 3566 577 3628 millia
597 3570 776 3644 nummltm3
798 3568 926 3646 Quintil.
940 3569 995 3641 IV,
1016 3588 1050 3640 2,
1076 3566 1245 3652 692tv1t

283 3670 322 3746 4,
342 3672 392 3749 ds.
412 3672 529 3735 Manat.
553 3673 645 3734 Edidi
672 3685 707 3736 ut
735 3675 837 3757 vulgo.
860 3676 938 3736 Nam
960 3674 1079 3747 etalii,
1101 3679 1154 3758 qui
1176 3673 1245 3732 hano

283 3774 380 3857 legem
402 3793 585 3853 memorant,
605 3782 756 3842 luvenalis
777 3782 839 3843 Sat.
861 3784 908 3855 ΙΙ,
927 3782 983 3859 44,
1000 3781 1118 3843 Tertul.
1134 3783 1172 3842 de
1185 3780 1245 3838 Mo·

283 3902 353 3965 1105·
377 3906 412 3947 12
440 3897 471 3952 et
489 3887 651 3953 Suetonius
672 3891 788 3955 Domit.
810 3888 832 3954 8
855 3891 898 3952 sic
925 3887 1050 3952 habent.
1076 3888 1146 3953 val.
1171 3886 1241 3950 Mas.
