2626 4854
257 329 330 409 360
599 346 871 402 marmorea
911 320 919 330 ’

257 454 294 519 16
312 451 395 515 Nihil
415 471 559 536 spurcum
581 453 658 513 ineat
676 451 749 512 huic
768 450 880 523 verbo,
906 469 1009 532 neque
1032 452 1068 512 in
1093 450 1151 514 ΙΙΙο
1173 453 1261 512 παιδο-

293 562 411 630 ποιῠμεν
431 560 558 636 (libetur
575 563 800 642 procreemus),
820 556 905 640 quod
923 557 1115 640 subintelligi
1145 559 1262 639 dieunt3

193 663 196 668 ’
295 667 349 729 aed
367 678 458 748 turpe
479 665 530 738 id,
550 665 589 726 ad
610 665 694 747 quod
713 663 762 725 hia
782 663 883 726 verbis
903 664 1062 748 spectabat
1078 667 1261 740 Carneades,
1294 668 1299 682 '

294 773 355 835 hoe
374 772 479 834 estad
497 772 702 854 voluptatem,
731 782 889 854 tamquam
910 773 1049 854 primum
1070 771 1210 834 hominis
1228 774 1261 834 fi-

292 900 372 941 nem.
393 879 514 941 Etenim
526 879 596 962 frui
612 879 711 940 seium
725 877 864 950 volebat,
883 879 985 960 iuquit
997 879 1166 952 Olivetua‚
1185 883 1260 962 ptin-

292 986 577 1071 etpiiemturaiibtu
605 986 696 1065 (Fin.
718 986 763 1058 ΙΙ,
787 989 870 1063 ιι),
890 1011 910 1044 α
928 1004 1028 1068 neque
1058 986 1124 1047 alio
1156 986 1259 1048 affectu

295 1120 314 1152 a
333 1092 461 1177 aptabat
479 1095 561 1154 nasei
583 1092 640 1154 eibi
660 1092 793 1166 liberos,
821 1114 916 1175 quam
937 1113 1001 1176 quo
1021 1093 1173 1177 cupiebat
1192 1094 1260 1156 bene

295 1220 331 1260 aa
348 1200 477 1261 feliciter
495 1202 600 1260 venire
614 1200 732 1282 plantae
745 1210 838 1281 atque
850 1199 995 1272 arborea,
1015 1220 1096 1282 quaa
1108 1199 1259 1262 aerebatn.

292 1306 476 1368 Prudentius
496 1316 614 1379 tamen,
634 1327 728 1388 quam
749 1309 862 1367 Lucius
877 1306 1015 1368 Saufeius
1029 1317 1063 1368 et
1075 1306 1194 1379 Patro,
1213 1308 1258 1388 qui

259 1436 264 1443 ·
294 1415 397 1474 omnia
417 1412 457 1474 ad
476 1434 508 1474 ae
526 1413 688 1474 referentes
709 1414 897 1496 voluptatem
909 1432 974 1474 non
988 1413 1093 1474 solum
1108 1423 1259 1494 tamquam

270 1511 428 1602 'primum
447 1519 579 1580 hominia
598 1519 710 1593 finem,
726 1519 784 1580 aed
802 1530 962 1601 tamquam
992 1522 1125 1580 unicum
1151 1530 1259 1604 specta-

293 1625 386 1700 bant,
400 1615 542 1708 nihilque
561 1626 690 1708 proinde
710 1626 877 1687 iiberorum
898 1646 990 1688 eausa
1009 1626 1158 1708 agebant

258 1750 294 1816 17
314 1732 479 1814 Castigavit
499 1734 652 1794 Victorius
669 1732 829 1816 pudentius
833 1777 844 1807 ,
875 1743 906 1794 et
930 1733 1147 1816 praetulerunt
1167 1731 1258 1793 Mala-

294 1843 381 1923 apina
399 1850 431 1900 et
450 1840 620 1917 Graevius,
639 1842 690 1921 qui
711 1840 751 1909 τῷ
771 1860 875 1921 spwue
895 1842 1010 1924 opponi
1024 1839 1190 1922 putabant.
1203 1839 1260 1900 Ve-

294 1966 364 2007 rum
385 1944 558 2028 prudentiam
577 1957 660 2008 recte
679 1945 845 2006 defenduut
872 1945 1042 2007 Lambinus
1071 1957 1106 2007 et
1128 1945 1261 2028 Popma,

294 2054 483 2135 referturque
503 2053 542 2114 ad
562 2074 644 2135 seqq.
665 2052 874 2135 Imprudentes
900 2054 1047 2113 nimirum
1070 2050 1217 2113 &ufeius
1235 2061 1262 2111 et

291 2161 388 2221 Patro
409 2163 560 2242 ceterique
580 2161 744 2242 Epicurei,
763 2162 817 2242 qui
836 2170 900 2221 non
919 2159 1150 2240 intelligebant,
1175 2181 1208 2221 se
1229 2159 1262 2220 de

295 2267 405 2329 caliido
432 2267 557 2329 homine
586 2268 670 2351 loqui
691 2270 811 2350 potius,
832 2266 1043 2349 quambene,
1064 2287 1167 2349 quum
1188 2267 1263 2328 diee-

296 2385 365 2435 rent
384 2385 441 2436 etc.
1082 2424 1086 2431 .

259 2480 295 2544 18
315 2480 392 2542 Edd.
407 2483 487 2545 Vict.
505 2481 661 2555 Lambini,
682 2483 769 2543 Grut.
783 2492 814 2543 et
825 2482 948 2543 Graevii
961 2490 1054 2562 quum
1067 2466 1174 2543 οήιηία
1186 2481 1264 2544 adse

294 2588 439 2670 reserant,
460 2593 619 2673 quicquam
631 2591 751 2651 alter-ius
765 2589 942 2671 caueafieri
956 2591 1086 2670 putent?
1107 2571 1192 2649 Edit.
1204 2589 1264 2650 Aidi

284 2697 327 2757 et
347 2697 427 2757 Crat.
441 2719 468 2780 q.
487 2720 513 2757 o.
533 2697 577 2757 ad
594 2720 625 2757 ee
646 2719 668 2758 r.
689 2720 717 2780 q.
738 2699 859 2757 alterius
877 2715 972 2756 eausa
985 2695 1060 2774 fieri
1079 2718 1141 2756 non
1153 2708 1262 2778 putant.

259 2822 296 2884 ¹9
317 2805 421 2881 Quum
443 2805 545 2864 dicant
557 2806 657 2863 virum
671 2814 813 2885 oportere
825 2822 889 2862 esse
902 2801 1020 2862 bonum
1041 2813 1075 2863 et
1096 2815 1264 2875 strenuum,

293 2929 333 2968 ne
354 2909 468 2970 malum
488 2911 528 2970 ab
549 2911 614 2972 aiiis
634 2914 788 2993 patiatur,
818 2930 881 2969 non
902 2911 974 2988 quia
995 2900 1064 2968 esse
1084 2912 1193 2970 virum
1213 2910 1263 2970 ba-

294 3035 369 3074 num
389 3027 498 3076 natura
518 3038 572 3077 sua
592 3021 630 3078 sit
643 3029 772 3090 rectum3
792 3037 854 3077 non
868 3015 1041 3095 intelligunt
1057 3036 1091 3076 se
1106 3016 1158 3077 his
1172 3016 1262 3076 verbis

296 3124 477 3182 constituere
497 3134 637 3184 naturam
660 3127 717 3183 viri
739 3123 857 3195 callidi,
892 3124 945 3203 qui
978 3124 1086 3183 omnia
1117 3124 1162 3184 ad
1187 3143 1262 3183 suam

295 3228 456 3288 utilitatem
476 3230 569 3291 trahit
596 3234 716 3313 potius,
737 3251 829 3310 quam
849 3229 943 3300 boni,
975 3231 1029 3310 qui
1051 3242 1188 3312 propter
1208 3233 1260 3290 vir-

298 3344 394 3395 tutem
415 3339 512 3418 ipsam
534 3336 632 3398 bonus
654 3349 712 3411 θεῖς
733 3337 769 3396 cf.
791 3338 828 3397 de
839 3338 912 3417 [aeg.
926 3337 958 3408 Ι,
981 3337 1112 3413 14Mox
1126 3337 1206 3405 bene
1223 3338 1259 3395 in-

297 3442 431 3522 telligunt
466 3442 560 3504 habet
592 3444 678 3504 Amb.
716 3465 749 3524 17
777 3463 846 3503 cum
874 3441 952 3501 aldo
982 3453 1013 3502 et
1046 3443 1260 3505 recentioribus

292 3549 453 3610 nonnullis.
475 3551 533 3610 Alii
555 3572 624 3609 curn
646 3551 814 3631 Maiaspina
835 3549 1007 3628 intelligant.

147 3652 152 3662 '
255 3661 294 3713 '20
314 3657 361 3715 De
382 3677 415 3716 re
437 3656 541 3738 pubi,
562 3659 647 3717 cuius
661 3657 740 3718 libro
754 3658 812 3729 ΙΙΙ,
833 3677 858 3718 a.
870 3676 907 3736 27
922 3654 998 3716 haec
1014 3655 1118 3718 Maius
1135 3657 1256 3718 inseruit.

255 3779 290 3819 αι
314 3762 421 3822 Lamb.
442 3763 636 3826 commodum.

256 3885 293 3925 22
315 3868 407 3928 Aldus
428 3891 494 3930 eam
514 3893 593 3947 esse3
614 3871 666 3931 sed
680 3872 758 3931 infra
771 3867 866 3946 §Sin
878 3889 940 3952 qua
952 3882 1005 3930 est.
1019 3871 1095 3932 Mox
1111 3894 1147 3933 ex
1167 3873 1255 3933 conie-

296 3983 381 4036 ctura
392 3976 523 4040 Ernestii
539 3979 633 4041 edidit
647 3979 806 4045 Schiitzius
817 3999 908 4060 quum
919 3997 985 4041 eam
1001 3979 1124 4043 miti-
1132 3979 1253 4042 reddidit
