2626 4854
547 315 581 358 vu
609 311 800 359 ammonas
1106 289 1174 392 327

167 412 186 472 5
208 414 339 472 Causam
361 412 460 483 affert,
484 433 537 470 cnr
558 411 665 471 dixerit
688 425 748 471 cnm
770 412 898 473 libenter.
919 415 983 475 Non
1007 417 1085 477 euim
1108 439 1178 476 om-

207 520 298 580 nihus
320 518 449 580 libenter
470 518 623 581 debemus.
646 521 762 581 Manat.
791 521 954 602 Eleganter
974 543 1032 605 pro
1054 525 1104 583 <nii
1122 524 1176 583 de·

207 630 307 700 heom,
328 627 376 687 vel
396 629 446 699 eui
465 629 593 687 hanzines
613 626 748 688 deleant.

166 736 275 796 6va
297 746 366 794 onte
387 733 472 796 abest
492 757 510 794 a
531 735 684 795 nonnullis
712 756 781 797 mss.
808 737 935 809 nostris,
965 748 995 799 et
1024 738 1069 798 ed.
1100 739 1175 800 Min.

207 842 347 923 beneficio
365 855 492 922 paterna
512 844 572 904 inm
592 845 818 909 corrinnxerant.

167 973 183 1029 7
208 951 273 1010 Hoc
295 971 365 1009 cum
399 949 435 1008 H.
458 940 613 1031 Stephano
648 960 678 1010 et
704 950 797 1031 vulgo
829 951 1005 1033 praeferunt
1033 953 1170 1016 nonnulli

206 1054 318 1117 Ambb.
340 1053 507 1116 Lambinus
528 1067 557 1116 et
579 1056 615 1117 de
637 1057 815 1121 Franciscis.
836 1057 894 1119 Alii
915 1058 946 1119 in
965 1061 1052 1140 ipsas.

585 1271 763 1334 CCLXXV.

170 1508 178 1545 1
205 1485 261 1546 Ed.
283 1486 341 1546 Ro.
363 1484 407 1545 M.
435 1484 467 1544 Τ.
491 1485 523 1547 C.
545 1486 612 1568 imp.
635 1486 737 1567 Appio
760 1485 890 1547 Pulchro
912 1486 1040 1549 Censori.

165 1615 181 1652 2
205 1592 315 1654 Ambb.
337 1594 373 1664 3,
398 1593 433 1652 13
463 1603 494 1653 et
519 1592 588 1653 edd.
610 1592 666 1654 Ro.
687 1591 794 1653 Lamb.
816 1593 983 1655 absolutum
1004 1606 1031 1653 te
1051 1615 1120 1654 esse.
1137 1596 1171 1654 ln

203 1699 395 1772 Parenthesi‚
416 1700 516 1760 Peckii
539 1700 618 1761 liber
639 1721 699 1783 quo
720 1702 763 1760 vir
781 1696 953 1775 industrior,
974 1723 1009 1762 ex
1032 1722 1095 1784 quo
1107 1702 1169 1761 Gu-

201 1809 331 1869 lielmius
352 1806 542 1890 praeferebat
562 1828 621 1890 quo
642 1809 684 1868 vir
704 1809 860 1871 inlustrior.

163 1917 180 1974 3
201 1918 357 1993 Quoniam
379 1914 488 1976 talibus
510 1917 600 1987 viris,
633 1916 731 1997 qualis
757 1927 855 1989 estu,
888 1916 976 1977 multi
1004 1916 1101 1977 solent
1123 1918 1170 1976 in·

199 2022 322 2093 videre,
343 2033 565 2105 proptereaque
585 2021 633 2084 his
654 2025 685 2084 in
709 2022 882 2105 suffragiis,
908 2026 1087 2107 praesertim
1117 2046 1169 2084 oc-

200 2130 310 2201 cultis,
332 2128 492 2190 adversari.
516 2128 639 2192 Cornus.

139 2239 179 2315 ‘lp
204 2236 345 2297 Tabelloe
365 2236 510 2298 latebram
530 2248 622 2299 vocat
652 2240 748 2320 ipsam
776 2235 939 2313 tabellam,
971 2259 1033 2321 qua
1055 2236 1169 2299 iudices

198 2343 414 2415 absolvebant,
445 2356 499 2404 aut
526 2344 770 2404 condemnabant
792 2366 868 2407 reos.
898 2346 1008 2407 Latere
1037 2347 1117 2407 enim
1140 2348 1171 2404 in

199 2473 235 2511 ea
257 2462 379 2532 poterat
399 2449 507 2511 iudicis
528 2451 670 2524 alicuius,
702 2454 754 2532 qui
785 2452 933 2533 sullragio
958 2473 1014 2516 suo
1036 2453 1170 2534 Appium

200 2557 347 2619 damnare
368 2557 529 2630 voluisset,
549 2558 760 2621 malivolentia.
776 2559 842 2636 Qui
863 2568 942 2621 enim
965 2562 1054 2620 sciret
1074 2581 1092 2618 a
1107 2579 1170 2639 quo

196 2664 359 2725 damnatus
373 2666 468 2756 cssetl
489 2667 596 2746 ltaque
616 2665 663 2725 bis
683 2664 798 2739 verbis,
819 2665 1056 2735 aitssclititzius,
1078 2667 1169 2745 signi-

197 2771 279 2843 ficat,
289 2773 423 2858 Appium
439 2772 581 2833 omnibns
595 2762 749 2836 sententiis
763 2771 937 2835 absolutum
952 2773 1052 2835 luisse.
1064 2772 1168 2848 Quare

196 2878 345 2941 latebram
360 2878 457 2952 dicat,
477 2890 607 2962 apparet
619 2899 654 2941 ex
668 2879 741 2960 Leg.
758 2880 821 2952 ΙΙΙ,
844 2878 896 2952 15,
916 2877 969 2939 ubi
986 2878 1165 2958 suffragium

195 2987 268 3047 viva
306 3007 381 3047 voce
402 2987 496 3046 latum
520 2985 644 3057 laudat,
670 2984 885 3068 improbatque
911 2984 1022 3047 tabella
1043 2983 1166 3044 datum:

195 3092 266 3154 Non
288 3093 401 3153 latebra
420 3092 525 3154 clauda
542 3095 676 3176 populo,
702 3095 732 3154 in
752 3114 814 3176 qun
836 3093 946 3155 mbella
966 3093 1097 3153 vitiosum
1117 3112 1168 3151 oc-

193 3201 322 3261 cultaret
340 3199 525 3285 suffragium.

153 3306 174 3367 5
194 3307 306 3369 Ambb.
326 3306 361 3380 6,
385 3309 435 3385 ι4,
461 3307 509 3381 15,
530 3310 601 3369 item
623 3308 685 3368 duo
707 3308 779 3369 Zell.
799 3328 981 3391 oppugnare.

151 3414 291 3491 6Quasi
325 3414 421 3475 dicat:
448 3436 468 3476 o
501 3437 564 3487 res,
594 3436 614 3476 o
642 3415 794 3476 absolutio
826 3416 957 3477 aliorum
989 3424 1163 3495 temporum

190 3521 339 3604 propria!
360 3521 431 3581 Mox
454 3521 542 3581 Amb.
562 3524 595 3581 13
611 3525 704 3602 arogis
718 3518 782 3582 snni
796 3521 960 3584 adnu'ratus
981 3516 1163 3601 iampridem.

149 3651 168 3709 7
191 3629 276 3706 Quia
296 3649 358 3688 uon
379 3649 501 3710 possum
524 3629 691 3711 explicare,
722 3643 826 3692 utrum
848 3631 968 3691 mallem
991 3628 1102 3703 factas,
1124 3648 1164 3685 an

190 3735 318 3796 infectas
332 3757 402 3796 cum
415 3735 576 3797 Dolabella
590 3741 722 3820 nuptias.
738 3739 855 3801 lllannt.
869 3739 1002 3799 Excusat
1014 3757 1062 3807 se,
1081 3732 1162 3816 quod

191 3842 388 3916 Dolabellae,
408 3845 497 3926 Appii
519 3849 686 3906 accusatori
716 3848 782 3930 (ep.
807 3846 928 3907 chxt
951 3846 1029 3916 init,
1050 3852 1080 3904 et
1101 3862 1163 3923 seq.

196 3970 208 4009 1
224 3952 258 4029 ),
280 3947 375 4010 filiam
396 3951 597 4012 collocaverit
