2626 4854
280 336 320 427 14
374 393 379 398 .
618 355 792 404 urrsrott
818 357 920 404 cern.
1056 357 1135 408 nv.
1153 361 1182 406 c.
1203 361 1254 422 70³

266 489 331 536 ras.
358 461 485 532 Omnia
503 485 580 531 sum
598 457 859 556 diligentissime
877 473 1091 557 persecutus.
1114 461 1279 534 Primum

267 588 311 662 ab
325 586 563 659 Ariobarzane
582 585 631 656 sie
650 584 832 682 contendi⁷
848 598 889 656 ut
913 582 1063 683 talenta,
1080 612 1169 685 quac
1186 589 1279 661 mibi

238 712 497 814 pollicebatur.
514 712 554 810 ¹³,
579 709 628 782 illi
655 709 764 782 daret.
791 709 921 802 Quoad
946 735 1085 782 mecum
1107 737 1169 783 rex
1194 712 1280 810 fuit,

264 839 423 940 perbono
440 837 520 910 loco
546 863 601 909 res
619 849 709 908 eret:
734 849 818 936 post
843 861 863 907 a
888 837 1049 936 Pompeii
1065 852 1278 936 procurato-

263 965 359 1038 ribus
386 963 558 1037 sexcentis
574 962 689 1063 premi
707 976 853 1063 coeptus
870 960 899 1027 ¹4
917 976 978 1034 est.
1003 963 1194 1062 Pompeius
1215 991 1277 1036 au·

263 1105 335 1164 tem
361 1117 469 1191 quum
494 1089 541 1162 ob
568 1102 701 1162 ceteras
735 1114 857 1163 causas
890 1086 969 1188 plus
1002 1102 1121 1187 potest
1154 1115 1274 1188 unus,

262 1244 369 1319 quam
394 1217 502 1289 ceteri
534 1240 679 1313 omnes,
712 1228 789 1286 tum
825 1213 923 1315 quod
954 1228 1100 1314 putatur
1126 1214 1173 1286 ad
1196 1214 1275 1287 bel·

260 1342 334 1415 lum
358 1341 563 1416 Parthicum
588 1366 663 1413 esse
687 1354 864 1415 venturus.
890 1340 937 1412 Ei
962 1355 1081 1412 tamen
1102 1341 1153 1413 sic
1171 1366 1271 1413 nuuc

260 1469 420 1545 solvitur:
440 1469 615 1541 tricesimo
634 1493 773 1570 quoque
792 1467 848 1540 die
864 1468 995 1542 talenta
1007 1469 1125 1542 Attica
1138 1495 1270 1566 xxxin,

259 1609 295 1669 et
319 1595 389 1668 boc
415 1621 458 1667 ex
482 1593 636 1693 tributis3
661 1619 726 1666 nec
751 1593 790 1667 id
815 1596 898 1667 satis
924 1596 1036 1687 efficit„
1062 1596 1098 1666 in
1125 1620 1270 1669 usuram

259 1735 475 1797 menstruam
490 1722 529 1793 ¹⁵.
548 1720 618 1793 Sed
636 1721 773 1793 Gnaeus
791 1734 910 1793 noster
924 1721 1113 1794 clementer
1130 1720 1167 1791 id
1185 1719 1269 1820 fert5

257 1861 352 1922 sorte
378 1862 494 1946 earet5
518 1873 640 1947 usura,
666 1872 731 1918 nec
758 1871 798 1918 ea
824 1846 955 1946 solida,
980 1861 1169 1920 contentus
1203 1859 1268 1919 est.

256 1975 325 2047 Alii
348 1999 464 2075 neque
489 1971 596 2046 solvit
621 1972 783 2072 cuiquam
804 1975 844 2070 ¹⁶,
868 1998 934 2044 nec
968 1986 1087 2073 potest
1117 1972 1266 2046 solvere.

190 2130 193 2135 ·
254 2099 399 2174 Nullum
415 2100 511 2171 euim
528 2099 715 2196 aerarium,
732 2096 867 2169 nullum
885 2097 1033 2196 vectigal
1051 2097 1167 2171 babet.
1187 2101 1264 2198 Ap-

254 2229 304 2328 pii
338 2227 500 2298 instituto
536 2223 666 2296 tributa
700 2225 859 2323 imperat.
895 2229 949 2297 Ea
981 2225 1059 2323 vix,
1091 2225 1129 2296 in
1163 2225 1264 2298 fenus

252 2353 416 2453 Pompeii
433 2350 530 2452 quod
546 2351 631 2424 satis
649 2352 708 2449 sit,
735 2351 898 2424 efficiunt.
924 2351 1039 2424 Amici
1064 2351 1154 2449 regis
1187 2351 1261 2424 duo

254 2492 368 2551 tresve
393 2476 584 2577 perdivites
611 2489 707 2575 sunt3
734 2475 798 2548 sed
822 2477 846 2547 ii
871 2503 972 2548 suum
1005 2490 1079 2548 tam
1113 2475 1262 2574 diligen-

252 2618 307 2676 ter
330 2616 469 2701 teuent,
495 2629 601 2703 quam
626 2629 710 2702 ego,
735 2616 795 2674 aut
821 2617 869 2675 tn.
894 2601 1072 2704 Equidem
1097 2628 1173 2675 non
1202 2601 1262 2674 de·

251 2730 329 2802 sino
355 2743 474 2802 tamen
499 2754 562 2828 per
586 2728 704 2804 literas
737 2754 878 2827 rogare,
902 2728 1067 2827 suadere,
1093 2754 1261 2802 accusare

251 2879 377 2952 regem.
403 2855 587 2926 Deiotarus
614 2857 720 2927 etiam
745 2853 832 2926 mihi
857 2854 1024 2952 narravit,
1050 2880 1087 2926 se
1113 2854 1260 2927 adeum

250 2979 384 3076 legatos
411 2981 544 3051 misisse
571 2979 614 3051 de
641 3007 678 3053 re
707 2980 825 3080 Bruti3
858 3006 918 3053 eos
950 2980 1016 3052 sibi
1048 3005 1260 3080 responsum

249 3103 424 3217 retulisse,
447 3104 547 3177 illum
572 3131 645 3178 non
661 3103 801 3179 habere.
825 3108 875 3180 Et
899 3104 1098 3178 mehercule
1124 3132 1193 3204 ego
1210 3108 1261 3179 ita

204 3250 207 3254 “
248 3230 375 3327 iudico,
391 3230 478 3303 nibil
495 3229 555 3303 illo
573 3258 679 3332 regno
695 3232 877 3332 spoliatius
891 3248 932 3331 ¹⁷²
950 3230 1038 3303 nihil
1055 3257 1137 3330 rege
1155 3258 1259 3331 egen-

234 3356 326 3429 ·tius.
351 3357 475 3457 Itaque
501 3370 562 3429 aut
579 3359 690 3432 tutela
708 3359 826 3456 cogito
844 3384 900 3431 mc
922 3357 1103 3456 abdicare,
1122 3370 1204 3457 aut,
1220 3371 1260 3429 ut

245 3505 314 3582 pro
340 3480 531 3555 Glabrione
558 3483 746 3582 scaevola,
769 3483 868 3556 fenus
894 3498 929 3556 et
953 3482 1177 3583 impendium
1207 3508 1260 3554 re-

247 3631 367 3679 cusare
388 3608 428 3678 ¹⁸.
452 3610 532 3707 Ego
560 3622 694 3705 tamen,
720 3634 806 3709 quas
835 3635 900 3709 per
925 3622 959 3681 te
983 3610 1094 3682 Bruto
1115 3609 1255 3709 promi-

246 3756 359 3805 seram
385 3733 638 3834 praefecturas,
656 3735 703 3807 Μ.
722 3735 881 3834 Sceptio,
905 3737 943 3809 L.
972 3733 1109 3831 Gavio,
1136 3733 1257 3835 quiin

245 3883 354 3956 regno
379 3886 453 3933 rem
481 3861 581 3933 Bruti
614 3837 871 3961 procurabant,
898 3858 1014 3933 detuli.
1050 3859 1126 3934 Nec
1160 3859 1254 3932 enim
