2626 4854
533 353 569 401 m
597 351 785 401 amsroms
1093 337 1162 439 307

189 455 246 536 ligi
268 473 357 536 posse
380 451 516 524 videtur,
542 453 792 535 supplicationem
820 474 877 536 pro
899 455 989 517 rebus
1016 480 1164 542 prospere

193 559 333 642 quidem,
351 559 405 621 sed
425 557 564 633 fortuito,
585 571 676 641 atque
696 559 765 621 ideo
786 561 923 622 Deorum
944 565 1163 627 immortalium

192 665 342 728 beneficio
356 666 445 746 gestis
466 665 602 737 decerni,
622 687 684 726 non
703 686 762 747 pro
783 667 836 739 iis,
856 689 934 749 quae
954 672 1067 731 virtute
1089 694 1163 754 pro·

191 775 262 859 pria
280 783 387 856 partae
401 783 478 832 sunt.
499 773 576 832 Nam
596 770 647 832 hic
668 770 744 833 Cato
765 772 928 854 significat,
942 774 1079 837 Ciceroni
1096 800 1167 860 sup-

193 879 390 962 plicationem
418 880 521 940 stricto
550 881 615 939 iure
639 879 759 940 decemi
787 901 848 940 non
875 884 1060 964 oportuisse,
1081 884 1165 965 quod

193 987 244 1047 ille
267 985 344 1047 nihil
367 985 509 1057 fortuito,
535 985 612 1046 nihil
638 989 777 1049 Deorum
804 986 952 1053 beneficio
980 994 1090 1073 gessit3
1111 993 1164 1053 sed

199 1096 317 1154 ratione
337 1105 369 1155 et
382 1096 565 1155 continentia
586 1096 720 1183 proprie.
741 1094 840 1156 Porro
861 1107 944 1183 patet
966 1109 1080 1159 veteres
1102 1099 1164 1159 Ro·

192 1222 300 1262 manos
321 1203 353 1261 in
375 1221 411 1261 ea
430 1200 522 1261 fuisse
536 1204 694 1284 opinione,
708 1212 743 1262 ut
756 1205 859 1265 omnia
871 1205 938 1264 Diis
950 1204 1097 1279 referrent
1111 1227 1162 1267 ae-

193 1318 282 1390 cepta
289 1352 300 1381 ,
320 1318 440 1390 praeter
461 1310 613 1370 virtutem.
634 1309 695 1370 Cic.
709 1308 746 1369 de
759 1319 819 1371 nat
834 1311 925 1371 Deor.
939 1311 1002 1385 111,
1017 1311 1069 1374 36:
1091 1313 1162 1375 Hoc

190 1413 311 1497 quidem
330 1436 431 1477 omnes
450 1415 590 1481 nwrtales
609 1417 651 1477 sie
672 1417 795 1489 meent,
806 1451 847 1466 -
858 1439 974 1481 omnem
999 1419 1160 1481 commodi-

195 1532 285 1582 tatem
302 1524 586 1605 prosperitatemque
606 1524 680 1584 vitae
700 1543 721 1582 a
742 1523 808 1582 Diis
828 1546 859 1584 se
880 1525 1006 1600 habere3
1030 1528 1161 1587 virtutem

192 1649 277 1690 nenio
292 1649 433 1711 uniquam
445 1641 599 1712 acceptam
610 1629 677 1690 Deo
691 1630 797 1691 retulit.
813 1630 961 1693 Nimirum
978 1646 1063 1694 recte.
1086 1633 1160 1695 Pro-

188 1748 258 1816 pter
269 1736 402 1796 virtutem
415 1738 492 1796 enin
503 1738 567 1796 iure
584 1735 756 1810 tardamur,
776 1749 806 1797 et
826 1738 858 1799 in
877 1739 979 1799 virtute
999 1752 1076 1800 recte
1094 1740 1159 1820 gla-

191 1844 319 1904 riamur:
332 1841 416 1925 quod
428 1864 487 1904 non
501 1845 692 1924 contingeret,
705 1845 731 1905 si
742 1844 773 1904 id
784 1844 896 1906 donum
915 1866 937 1906 a
958 1846 1024 1906 Deo
1030 1891 1041 1920 ,
1061 1869 1120 1907 non
1139 1868 1160 1907 a

190 1949 273 2009 nobis
293 1950 473 2010 haberemus.
496 1951 539 2011 At
559 1971 625 2010 vero
638 1961 692 2010 aut
705 1953 861 2013 lmnorr'bus
873 1954 968 2026 aucti,
987 1965 1041 2013 aut
1059 1974 1090 2013 re
1101 1953 1158 2036 fla-

189 2057 319 2130 miliari,
338 2069 392 2116 aut
409 2059 435 2116 si
453 2056 540 2117 aliud
558 2057 711 2141 quidpiam
731 2059 813 2119 nacti
830 2059 1054 2141 sumussortuiti
1071 2061 1164 2135 boui2

189 2177 243 2223 aut
255 2163 423 2247 depulimus
442 2164 531 2239 mali,
543 2186 636 2249 quum
649 2164 715 2225 Diis
732 2166 842 2245 gratim
860 2167 991 2246 agmins,
1006 2177 1066 2226 tum
1086 2168 1161 2228 nitu

189 2283 306 2332 nostrae
327 2270 411 2331 mardi
431 2285 593 2333 assumtum
617 2273 802 2334 arbitramur.
830 2271 972 2334 Nonnulli
993 2294 1063 2337 mss.
1087 2295 1157 2335 cum
1214 2286 1216 2293 ’

188 2377 256 2440 edd.
276 2401 323 2464 pr.
345 2380 397 2441 tibi
414 2379 516 2464 refirri
533 2393 696 2466 acceptum.

149 2506 166 2565 7
189 2485 282 2564 Quod
297 2488 321 2546 si
335 2497 440 2569 putas,
453 2487 705 2570 supplicationem
719 2506 783 2548 esse
794 2489 1038 2570 praerogativam
1050 2489 1157 2548 trium-

187 2591 259 2675 phi,
272 2592 332 2655 hoc
345 2605 404 2667 est,
418 2605 488 2677 post
500 2594 752 2677 supplicationem
765 2597 933 2655 necessario
948 2598 1090 2676 consequi
1105 2595 1157 2655 de-

186 2698 261 2760 bere
275 2700 466 2784 triumphum
478 2713 533 2762 etc.
549 2703 648 2762 Tanta
662 2711 728 2761 erat
739 2703 902 2762 auctoritas
914 2698 1011 2760 tribu's
1023 2711 1076 2760 aut
1087 2722 1155 2760 een·

187 2809 285 2869 turiae
297 2807 377 2875 illius
386 2809 622 2890 praerogatiua,
635 2807 695 2871 hoc
707 2818 766 2880 est,
781 2828 858 2889 quae
870 2808 968 2888 prima
981 2808 1013 2869 in
1026 2807 1155 2867 comitiis

187 2913 368 2995 rogabatur,
387 2926 424 2976 ut
442 2937 510 2977 eam
524 2926 641 2977 ceterae
658 2913 757 2975 tribus
771 2914 820 2977 vel
830 2915 987 2985 causariae
1001 2916 1034 2975 iu
1048 2914 1156 2976 suffra-

186 3023 237 3102 gio
257 3021 381 3082 ferendo
393 3033 599 3104 sequerentur.
622 3019 701 3082 Hine
721 3020 899 3094 sacuam,·ut
911 3024 1049 3104 voxipsa
1066 3042 1155 3105 prae·

186 3130 317 3207 rogativa
337 3131 525 3210 acciperetur
538 3119 596 3210 pro
611 3131 712 3209 signo,
729 3149 787 3210 pro
801 3128 925 3202 indicio,
940 3127 1084 3189 brevibus
1097 3150 1154 3212 pro

184 3236 313 3316 pignore
320 3279 331 3308 ‚
344 3246 374 3295 et
388 3238 473 3316 quasi
487 3233 660 3297 arrhabone
673 3235 795 3296 futurae
808 3238 852 3296 rci
867 3245 996 3318 optatae.
1011 3233 1099 3297 Amb.
1119 3235 1154 3297 15

179 3353 272 3424 putas
284 3342 528 3426 supplicationem
543 3343 662 3425 assequi
664 3365 675 3414 ,·
688 3343 796 3404 melius
809 3341 977 3403 Lambinus
989 3356 1079 3424 putas
1091 3363 1154 3401 esse

181 3447 433 3529 applicationem.
448 3449 519 3510 Mox
533 3469 636 3513 casum
644 3450 745 3532 patim
751 3494 761 3523 ,
774 3449 935 3511 fortuitum
947 3459 1105 3518 eventum3
1118 3458 1154 3507 ut

180 3554 325 3637 explanat
337 3555 506 3628 Manutius,
516 3554 702 3623 beneficium
714 3557 852 3619 Deorum
865 3555 1084 3618 immortalium
1098 3573 1154 3634 po-

180 3664 256 3735 tius,
276 3684 372 3745 quam
390 3665 571 3745 aequitatem
593 3673 624 3724 et
644 3665 861 3733 continentiam
874 3674 967 3725 tuam.
988 3661 1080 3742 Atqui
1103 3659 1153 3718 Ci-

181 3789 254 3832 cero
270 3772 373 3854 potius
390 3791 425 3835 ex
443 3773 555 3835 virtute
569 3772 695 3854 propria
708 3790 772 3850 rem
786 3791 932 3855 prospere
946 3769 1069 3852 gessisse
1083 3787 1152 3828 cen-
