<?xml version="1.0" encoding="UTF-8"?>
<!DOCTYPE html PUBLIC "-//W3C//DTD XHTML 1.0 Transitional//EN"
    "http://www.w3.org/TR/xhtml1/DTD/xhtml1-transitional.dtd">
<html xmlns="http://www.w3.org/1999/xhtml" xml:lang="en" lang="en">
 <head>
  <title>
</title>
<meta http-equiv="Content-Type" content="text/html;charset=utf-8" />
  <meta name='ocr-system' content='tesseract 3.04.00' />
  <meta name='ocr-capabilities' content='ocr_page ocr_carea ocr_par ocr_line ocrx_word'/>
</head>
<body>
  <div class='ocr_page' id='page_1' title='image "./mtulliiciceroni59cicegoog/mtulliiciceroni59cicegoog_0165.png"; bbox 0 0 2626 4854; ppageno 0'>
   <div class='ocr_carea' id='block_1_1' title="bbox 244 332 1259 1952">
    <p class='ocr_par' dir='ltr' id='par_1_1' title="bbox 244 332 1259 1952">
     <span class='ocr_line' id='line_1_1' title="bbox 244 332 1234 417; baseline -0.003 -12"><span class='ocrx_word' id='word_1_1' title='bbox 244 332 321 408; x_wconf 74' lang='lat'>&#39;160</span> <span class='ocrx_word' id='word_1_2' title='bbox 567 350 738 401; x_wconf 74' lang='lat' dir='ltr'><strong>xrrsrona</strong></span> <span class='ocrx_word' id='word_1_3' title='bbox 765 352 924 401; x_wconf 77' lang='lat' dir='ltr'><strong>ccnmx.</strong></span> <span class='ocrx_word' id='word_1_4' title='bbox 1035 349 1069 400; x_wconf 81' lang='lat' dir='ltr'><strong>a.</strong></span> <span class='ocrx_word' id='word_1_5' title='bbox 1081 354 1119 404; x_wconf 87' lang='lat' dir='ltr'><strong>v.</strong></span> <span class='ocrx_word' id='word_1_6' title='bbox 1138 354 1169 402; x_wconf 88' lang='lat' dir='ltr'><strong>c.</strong></span> <span class='ocrx_word' id='word_1_7' title='bbox 1186 353 1234 417; x_wconf 67' lang='lat' dir='ltr'><strong>‚aa</strong></span> 
     </span>
     <span class='ocr_line' id='line_1_2' title="bbox 246 453 1257 558; baseline -0.001 -28"><span class='ocrx_word' id='word_1_8' title='bbox 246 459 340 530; x_wconf 90' lang='lat' dir='ltr'><strong>Tum</strong></span> <span class='ocrx_word' id='word_1_9' title='bbox 365 454 507 558; x_wconf 94' lang='lat' dir='ltr'><strong>quidem</strong></span> <span class='ocrx_word' id='word_1_10' title='bbox 539 480 622 527; x_wconf 92' lang='lat' dir='ltr'><strong>cum</strong></span> <span class='ocrx_word' id='word_1_11' title='bbox 654 453 791 556; x_wconf 80' lang='lat' dir='ltr'><strong>aliquot</strong></span> <span class='ocrx_word' id='word_1_12' title='bbox 823 455 1017 554; x_wconf 75' lang='lat' dir='ltr'><strong>amicis10,</strong></span> <span class='ocrx_word' id='word_1_13' title='bbox 1055 455 1121 557; x_wconf 90' lang='lat' dir='ltr'><strong>qui</strong></span> <span class='ocrx_word' id='word_1_14' title='bbox 1150 469 1257 529; x_wconf 87' lang='lat' dir='ltr'><strong>testes</strong></span> 
     </span>
     <span class='ocr_line' id='line_1_3' title="bbox 246 578 1257 680; baseline -0.002 -23"><span class='ocrx_word' id='word_1_15' title='bbox 246 595 347 657; x_wconf 89' lang='lat' dir='ltr'><strong>erant</strong></span> <span class='ocrx_word' id='word_1_16' title='bbox 370 606 531 654; x_wconf 89' lang='lat' dir='ltr'><strong>meorum</strong></span> <span class='ocrx_word' id='word_1_17' title='bbox 555 581 594 651; x_wconf 92' lang='lat' dir='ltr'><strong>in</strong></span> <span class='ocrx_word' id='word_1_18' title='bbox 618 578 718 652; x_wconf 92' lang='lat' dir='ltr'><strong>illum</strong></span> <span class='ocrx_word' id='word_1_19' title='bbox 741 580 966 680; x_wconf 83' lang='lat' dir='ltr'><strong>meritorum,</strong></span> <span class='ocrx_word' id='word_1_20' title='bbox 995 579 1141 655; x_wconf 86' lang='lat' dir='ltr'><strong>locutus</strong></span> <span class='ocrx_word' id='word_1_21' title='bbox 1171 608 1257 655; x_wconf 87' lang='lat' dir='ltr'><strong>sum.</strong></span> 
     </span>
     <span class='ocr_line' id='line_1_4' title="bbox 245 705 1258 810; baseline -0.002 -27"><span class='ocrx_word' id='word_1_22' title='bbox 245 710 482 810; x_wconf 77' lang='lat' dir='ltr'><strong>Posteaquam</strong></span> <span class='ocrx_word' id='word_1_23' title='bbox 517 705 635 806; x_wconf 91' lang='lat' dir='ltr'><strong>illum,</strong></span> <span class='ocrx_word' id='word_1_24' title='bbox 672 732 719 780; x_wconf 92' lang='lat' dir='ltr'><strong>ne</strong></span> <span class='ocrx_word' id='word_1_25' title='bbox 752 708 809 780; x_wconf 93' lang='lat' dir='ltr'><strong>cui</strong></span> <span class='ocrx_word' id='word_1_26' title='bbox 844 706 1061 782; x_wconf 80' lang='lat' dir='ltr'><strong>satisfaceret</strong></span> <span class='ocrx_word' id='word_1_27' title='bbox 1093 708 1258 810; x_wconf 89' lang='lat' dir='ltr'><strong>quidem,</strong></span> 
     </span>
     <span class='ocr_line' id='line_1_5' title="bbox 245 832 1258 936; baseline -0.001 -27"><span class='ocrx_word' id='word_1_28' title='bbox 245 862 303 909; x_wconf 93' lang='lat' dir='ltr'><strong>me</strong></span> <span class='ocrx_word' id='word_1_29' title='bbox 330 835 475 934; x_wconf 84' lang='lat' dir='ltr'><strong>dignum</strong></span> <span class='ocrx_word' id='word_1_30' title='bbox 499 833 647 932; x_wconf 89' lang='lat' dir='ltr'><strong>habere,</strong></span> <span class='ocrx_word' id='word_1_31' title='bbox 673 834 832 907; x_wconf 80' lang='lat' dir='ltr'><strong>sensi11:</strong></span> <span class='ocrx_word' id='word_1_32' title='bbox 857 832 967 907; x_wconf 90' lang='lat' dir='ltr'><strong>malui</strong></span> <span class='ocrx_word' id='word_1_33' title='bbox 991 832 1149 934; x_wconf 85' lang='lat' dir='ltr'><strong>collegae</strong></span> <span class='ocrx_word' id='word_1_34' title='bbox 1167 836 1258 936; x_wconf 91' lang='lat' dir='ltr'><strong>eius,</strong></span> 
     </span>
     <span class='ocr_line' id='line_1_6' title="bbox 245 960 1254 1063; baseline 0.002 -29"><span class='ocrx_word' id='word_1_35' title='bbox 245 962 382 1036; x_wconf 91' lang='lat' dir='ltr'><strong>bomini</strong></span> <span class='ocrx_word' id='word_1_36' title='bbox 414 960 625 1034; x_wconf 90' lang='lat' dir='ltr'><strong>alienissimo</strong></span> <span class='ocrx_word' id='word_1_37' title='bbox 656 960 766 1061; x_wconf 89' lang='lat' dir='ltr'><strong>mihi,</strong></span> <span class='ocrx_word' id='word_1_38' title='bbox 804 974 840 1034; x_wconf 90' lang='lat' dir='ltr'><strong>et</strong></span> <span class='ocrx_word' id='word_1_39' title='bbox 876 975 1026 1063; x_wconf 91' lang='lat' dir='ltr'><strong>propter</strong></span> <span class='ocrx_word' id='word_1_40' title='bbox 1062 963 1254 1036; x_wconf 85' lang='lat' dir='ltr'><strong>amicitiam</strong></span> 
     </span>
     <span class='ocr_line' id='line_1_7' title="bbox 244 1087 1256 1192; baseline 0.001 -30"><span class='ocrx_word' id='word_1_41' title='bbox 244 1102 345 1162; x_wconf 91' lang='lat' dir='ltr'><strong>tuam</strong></span> <span class='ocrx_word' id='word_1_42' title='bbox 363 1104 393 1141; x_wconf 85' lang='lat'><strong>¹²</strong></span> <span class='ocrx_word' id='word_1_43' title='bbox 417 1114 493 1163; x_wconf 95' lang='lat' dir='ltr'><strong>non</strong></span> <span class='ocrx_word' id='word_1_44' title='bbox 510 1088 743 1190; x_wconf 87' lang='lat' dir='ltr'><strong>aequissimo,</strong></span> <span class='ocrx_word' id='word_1_45' title='bbox 766 1113 825 1161; x_wconf 89' lang='lat' dir='ltr'><strong>me</strong></span> <span class='ocrx_word' id='word_1_46' title='bbox 841 1087 1016 1188; x_wconf 85' lang='lat' dir='ltr'><strong>obligare,</strong></span> <span class='ocrx_word' id='word_1_47' title='bbox 1041 1115 1151 1192; x_wconf 89' lang='lat' dir='ltr'><strong>quam</strong></span> <span class='ocrx_word' id='word_1_48' title='bbox 1167 1089 1256 1163; x_wconf 88' lang='lat' dir='ltr'><strong>illius</strong></span> 
     </span>
     <span class='ocr_line' id='line_1_8' title="bbox 244 1214 1255 1318; baseline -0.006 -28"><span class='ocrx_word' id='word_1_49' title='bbox 244 1217 366 1290; x_wconf 82' lang='lat' dir='ltr'><strong>simiae</strong></span> <span class='ocrx_word' id='word_1_50' title='bbox 385 1217 415 1268; x_wconf 75' lang='lat'><strong>¹³</strong></span> <span class='ocrx_word' id='word_1_51' title='bbox 440 1214 579 1292; x_wconf 84' lang='lat' dir='ltr'><strong>vultum</strong></span> <span class='ocrx_word' id='word_1_52' title='bbox 603 1215 728 1289; x_wconf 90' lang='lat' dir='ltr'><strong>subire.</strong></span> <span class='ocrx_word' id='word_1_53' title='bbox 763 1214 808 1288; x_wconf 92' lang='lat' dir='ltr'><strong>Id</strong></span> <span class='ocrx_word' id='word_1_54' title='bbox 839 1229 1031 1318; x_wconf 87' lang='lat' dir='ltr'><strong>postquam</strong></span> <span class='ocrx_word' id='word_1_55' title='bbox 1061 1217 1186 1291; x_wconf 87' lang='lat' dir='ltr'><strong>resciit</strong></span> <span class='ocrx_word' id='word_1_56' title='bbox 1208 1216 1255 1316; x_wconf 73' lang='lat'><strong>¹4,</strong></span> 
     </span>
     <span class='ocr_line' id='line_1_9' title="bbox 244 1342 1257 1445; baseline 0 -28"><span class='ocrx_word' id='word_1_57' title='bbox 244 1343 448 1443; x_wconf 83' lang='lat' dir='ltr'><strong>incanduit,</strong></span> <span class='ocrx_word' id='word_1_58' title='bbox 480 1357 518 1416; x_wconf 93' lang='lat' dir='ltr'><strong>et</strong></span> <span class='ocrx_word' id='word_1_59' title='bbox 541 1369 599 1415; x_wconf 89' lang='lat' dir='ltr'><strong>me</strong></span> <span class='ocrx_word' id='word_1_60' title='bbox 628 1368 771 1416; x_wconf 89' lang='lat' dir='ltr'><strong>causam</strong></span> <span class='ocrx_word' id='word_1_61' title='bbox 795 1342 1062 1416; x_wconf 83' lang='lat' dir='ltr'><strong>inimicitiarum</strong></span> <span class='ocrx_word' id='word_1_62' title='bbox 1087 1369 1257 1445; x_wconf 86' lang='lat' dir='ltr'><strong>quaerere</strong></span> 
     </span>
     <span class='ocr_line' id='line_1_10' title="bbox 246 1469 1259 1570; baseline 0.001 -27"><span class='ocrx_word' id='word_1_63' title='bbox 246 1469 461 1568; x_wconf 80' lang='lat' dir='ltr'><strong>clamitavit3</strong></span> <span class='ocrx_word' id='word_1_64' title='bbox 492 1483 554 1569; x_wconf 91' lang='lat' dir='ltr'><strong>ut,</strong></span> <span class='ocrx_word' id='word_1_65' title='bbox 586 1470 617 1542; x_wconf 88' lang='lat' dir='ltr'><strong>si</strong></span> <span class='ocrx_word' id='word_1_66' title='bbox 648 1469 736 1541; x_wconf 91' lang='lat' dir='ltr'><strong>mihi</strong></span> <span class='ocrx_word' id='word_1_67' title='bbox 757 1470 788 1519; x_wconf 80' lang='lat'><strong>¹⁵</strong></span> <span class='ocrx_word' id='word_1_68' title='bbox 812 1469 851 1541; x_wconf 90' lang='lat' dir='ltr'><strong>in</strong></span> <span class='ocrx_word' id='word_1_69' title='bbox 876 1469 1028 1570; x_wconf 89' lang='lat' dir='ltr'><strong>pecunia</strong></span> <span class='ocrx_word' id='word_1_70' title='bbox 1057 1469 1179 1544; x_wconf 91' lang='lat' dir='ltr'><strong>minus</strong></span> <span class='ocrx_word' id='word_1_71' title='bbox 1203 1496 1259 1544; x_wconf 86' lang='lat' dir='ltr'><strong>sa-</strong></span> 
     </span>
     <span class='ocr_line' id='line_1_11' title="bbox 244 1594 1257 1698; baseline 0.001 -28"><span class='ocrx_word' id='word_1_72' title='bbox 244 1595 446 1696; x_wconf 87' lang='lat' dir='ltr'><strong>tisfecisset,</strong></span> <span class='ocrx_word' id='word_1_73' title='bbox 462 1623 528 1698; x_wconf 94' lang='lat' dir='ltr'><strong>per</strong></span> <span class='ocrx_word' id='word_1_74' title='bbox 543 1597 637 1668; x_wconf 87' lang='lat' dir='ltr'><strong>banc</strong></span> <span class='ocrx_word' id='word_1_75' title='bbox 654 1596 810 1697; x_wconf 89' lang='lat' dir='ltr'><strong>speciem</strong></span> <span class='ocrx_word' id='word_1_76' title='bbox 827 1594 1015 1670; x_wconf 84' lang='lat' dir='ltr'><strong>simultatis</strong></span> <span class='ocrx_word' id='word_1_77' title='bbox 1029 1598 1061 1648; x_wconf 81' lang='lat'><strong>¹⁶</strong></span> <span class='ocrx_word' id='word_1_78' title='bbox 1078 1621 1164 1670; x_wconf 89' lang='lat' dir='ltr'><strong>eum</strong></span> <span class='ocrx_word' id='word_1_79' title='bbox 1177 1621 1257 1671; x_wconf 89' lang='lat' dir='ltr'><strong>con·</strong></span> 
     </span>
     <span class='ocr_line' id='line_1_12' title="bbox 246 1723 1258 1798; baseline 0.002 -1"><span class='ocrx_word' id='word_1_80' title='bbox 246 1737 407 1797; x_wconf 86' lang='lat' dir='ltr'><strong>sectarer.</strong></span> <span class='ocrx_word' id='word_1_81' title='bbox 432 1727 562 1798; x_wconf 89' lang='lat' dir='ltr'><strong>Postea</strong></span> <span class='ocrx_word' id='word_1_82' title='bbox 594 1748 670 1796; x_wconf 92' lang='lat' dir='ltr'><strong>non</strong></span> <span class='ocrx_word' id='word_1_83' title='bbox 703 1723 839 1796; x_wconf 85' lang='lat' dir='ltr'><strong>destitit</strong></span> <span class='ocrx_word' id='word_1_84' title='bbox 872 1749 1047 1796; x_wconf 86' lang='lat' dir='ltr'><strong>arcessere</strong></span> <span class='ocrx_word' id='word_1_85' title='bbox 1077 1739 1108 1791; x_wconf 82' lang='lat'><strong>¹⁷</strong></span> <span class='ocrx_word' id='word_1_86' title='bbox 1135 1723 1258 1798; x_wconf 88' lang='lat' dir='ltr'><strong>Polam</strong></span> 
     </span>
     <span class='ocr_line' id='line_1_13' title="bbox 248 1849 1257 1952; baseline 0.001 -30"><span class='ocrx_word' id='word_1_87' title='bbox 248 1852 427 1952; x_wconf 88' lang='lat' dir='ltr'><strong>Servium,</strong></span> <span class='ocrx_word' id='word_1_88' title='bbox 445 1865 703 1950; x_wconf 76' lang='lat' dir='ltr'><strong>accusatorem,</strong></span> <span class='ocrx_word' id='word_1_89' title='bbox 719 1851 807 1922; x_wconf 91' lang='lat' dir='ltr'><strong>inire</strong></span> <span class='ocrx_word' id='word_1_90' title='bbox 826 1877 906 1923; x_wconf 90' lang='lat' dir='ltr'><strong>cum</strong></span> <span class='ocrx_word' id='word_1_91' title='bbox 923 1849 1081 1923; x_wconf 93' lang='lat' dir='ltr'><strong>Domitio</strong></span> <span class='ocrx_word' id='word_1_92' title='bbox 1099 1849 1257 1925; x_wconf 88' lang='lat' dir='ltr'><strong>consilia.</strong></span> 
     </span>
    </p>
   </div>
   <div class='ocr_carea' id='block_1_2' title="bbox 246 1976 1260 2457">
    <p class='ocr_par' dir='ltr' id='par_1_2' title="bbox 246 1976 1260 2457">
     <span class='ocr_line' id='line_1_14' title="bbox 247 1976 1258 2080; baseline 0 -30"><span class='ocrx_word' id='word_1_93' title='bbox 247 1978 385 2072; x_wconf 90' lang='lat' dir='ltr'><strong>Quibus</strong></span> <span class='ocrx_word' id='word_1_94' title='bbox 412 2005 521 2080; x_wconf 92' lang='lat' dir='ltr'><strong>quum</strong></span> <span class='ocrx_word' id='word_1_95' title='bbox 546 2004 672 2078; x_wconf 92' lang='lat' dir='ltr'><strong>parum</strong></span> <span class='ocrx_word' id='word_1_96' title='bbox 705 1976 931 2078; x_wconf 78' lang='lat' dir='ltr'><strong>procederet,</strong></span> <span class='ocrx_word' id='word_1_97' title='bbox 963 1991 1005 2050; x_wconf 92' lang='lat' dir='ltr'><strong>ut</strong></span> <span class='ocrx_word' id='word_1_98' title='bbox 1033 1976 1106 2050; x_wconf 91' lang='lat' dir='ltr'><strong>nlla</strong></span> <span class='ocrx_word' id='word_1_99' title='bbox 1126 1977 1158 2028; x_wconf 78' lang='lat'><strong>¹⁸</strong></span> <span class='ocrx_word' id='word_1_100' title='bbox 1182 1977 1258 2077; x_wconf 84' lang='lat' dir='ltr'><strong>lege</strong></span> 
     </span>
     <span class='ocr_line' id='line_1_15' title="bbox 246 2097 1259 2205; baseline 0 -29"><span class='ocrx_word' id='word_1_101' title='bbox 246 2105 336 2176; x_wconf 92' lang='lat' dir='ltr'><strong>mihi</strong></span> <span class='ocrx_word' id='word_1_102' title='bbox 353 2118 528 2205; x_wconf 89' lang='lat' dir='ltr'><strong>ponerent</strong></span> <span class='ocrx_word' id='word_1_103' title='bbox 546 2118 810 2203; x_wconf 78' lang='lat' dir='ltr'><strong>accusatorem,</strong></span> <span class='ocrx_word' id='word_1_104' title='bbox 827 2102 1031 2203; x_wconf 92' lang='lat' dir='ltr'><strong>compellari</strong></span> <span class='ocrx_word' id='word_1_105' title='bbox 1048 2129 1089 2177; x_wconf 89' lang='lat' dir='ltr'><strong>ea</strong></span> <span class='ocrx_word' id='word_1_106' title='bbox 1107 2102 1186 2202; x_wconf 83' lang='lat' dir='ltr'><strong>lege</strong></span> <span class='ocrx_word' id='word_1_107' title='bbox 1204 2097 1259 2176; x_wconf 89' lang='lat' dir='ltr'><strong>me</strong></span> 
     </span>
     <span class='ocr_line' id='line_1_16' title="bbox 248 2229 1260 2332; baseline 0 -28"><span class='ocrx_word' id='word_1_108' title='bbox 248 2231 454 2331; x_wconf 87' lang='lat' dir='ltr'><strong>voluerunt,</strong></span> <span class='ocrx_word' id='word_1_109' title='bbox 479 2258 548 2332; x_wconf 92' lang='lat' dir='ltr'><strong>qua</strong></span> <span class='ocrx_word' id='word_1_110' title='bbox 575 2230 692 2304; x_wconf 89' lang='lat' dir='ltr'><strong>dicere</strong></span> <span class='ocrx_word' id='word_1_111' title='bbox 716 2255 792 2307; x_wconf 91' lang='lat' dir='ltr'><strong>non</strong></span> <span class='ocrx_word' id='word_1_112' title='bbox 814 2229 1260 2331; x_wconf 83' lang='lat' dir='ltr'><strong>poterant19.1nsolentis·</strong></span> 
     </span>
     <span class='ocr_line' id='line_1_17' title="bbox 248 2354 1260 2457; baseline 0.001 -27"><span class='ocrx_word' id='word_1_113' title='bbox 248 2357 327 2430; x_wconf 88' lang='lat' dir='ltr'><strong>simi</strong></span> <span class='ocrx_word' id='word_1_114' title='bbox 351 2358 534 2456; x_wconf 88' lang='lat' dir='ltr'><strong>homines,</strong></span> <span class='ocrx_word' id='word_1_115' title='bbox 559 2358 705 2430; x_wconf 91' lang='lat' dir='ltr'><strong>summis</strong></span> <span class='ocrx_word' id='word_1_116' title='bbox 731 2357 956 2432; x_wconf 87' lang='lat' dir='ltr'><strong>Circensibus</strong></span> <span class='ocrx_word' id='word_1_117' title='bbox 985 2354 1080 2430; x_wconf 87' lang='lat' dir='ltr'><strong>ludis</strong></span> <span class='ocrx_word' id='word_1_118' title='bbox 1097 2372 1132 2408; x_wconf 82' lang='lat'><strong>²⁰</strong></span> <span class='ocrx_word' id='word_1_119' title='bbox 1157 2359 1260 2457; x_wconf 89' lang='lat' dir='ltr'><strong>meis,</strong></span> 
     </span>
    </p>
   </div>
   <div class='ocr_carea' id='block_1_3' title="bbox 246 2483 1266 3983">
    <p class='ocr_par' dir='ltr' id='par_1_3' title="bbox 246 2483 1266 3983">
     <span class='ocr_line' id='line_1_18' title="bbox 247 2483 1259 2586; baseline 0 -28"><span class='ocrx_word' id='word_1_120' title='bbox 247 2483 502 2586; x_wconf 91' lang='lat' dir='ltr'><strong>postulandum</strong></span> <span class='ocrx_word' id='word_1_121' title='bbox 518 2510 576 2557; x_wconf 92' lang='lat' dir='ltr'><strong>me</strong></span> <span class='ocrx_word' id='word_1_122' title='bbox 600 2484 678 2584; x_wconf 83' lang='lat' dir='ltr'><strong>lege</strong></span> <span class='ocrx_word' id='word_1_123' title='bbox 697 2484 877 2558; x_wconf 89' lang='lat' dir='ltr'><strong>Scantinia</strong></span> <span class='ocrx_word' id='word_1_124' title='bbox 896 2499 928 2536; x_wconf 85' lang='lat'><strong>²¹</strong></span> <span class='ocrx_word' id='word_1_125' title='bbox 949 2497 1083 2558; x_wconf 81' lang='lat' dir='ltr'><strong>curant</strong></span> <span class='ocrx_word' id='word_1_126' title='bbox 1103 2485 1177 2558; x_wconf 81' lang='lat' dir='ltr'><strong>Vix</strong></span> <span class='ocrx_word' id='word_1_127' title='bbox 1192 2484 1259 2559; x_wconf 91' lang='lat' dir='ltr'><strong>hoc</strong></span> 
     </span>
     <span class='ocr_line' id='line_1_19' title="bbox 248 2612 1260 2715; baseline -0.002 -29"><span class='ocrx_word' id='word_1_128' title='bbox 248 2627 323 2686; x_wconf 90' lang='lat' dir='ltr'><strong>erat</strong></span> <span class='ocrx_word' id='word_1_129' title='bbox 338 2612 426 2687; x_wconf 90' lang='lat' dir='ltr'><strong>Pola</strong></span> <span class='ocrx_word' id='word_1_130' title='bbox 446 2612 604 2686; x_wconf 88' lang='lat' dir='ltr'><strong>elocutus</strong></span> <span class='ocrx_word' id='word_1_131' title='bbox 619 2627 669 2712; x_wconf 85' lang='lat'><strong>²²,</strong></span> <span class='ocrx_word' id='word_1_132' title='bbox 696 2640 805 2715; x_wconf 86' lang='lat' dir='ltr'><strong>quum</strong></span> <span class='ocrx_word' id='word_1_133' title='bbox 822 2637 888 2713; x_wconf 85' lang='lat' dir='ltr'><strong>ego</strong></span> <span class='ocrx_word' id='word_1_134' title='bbox 902 2613 1061 2714; x_wconf 84' lang='lat' dir='ltr'><strong>Appium</strong></span> <span class='ocrx_word' id='word_1_135' title='bbox 1078 2637 1260 2687; x_wconf 88' lang='lat' dir='ltr'><strong>censorem</strong></span> 
     </span>
     <span class='ocr_line' id='line_1_20' title="bbox 246 2723 1256 2843; baseline -0.004 -28"><span class='ocrx_word' id='word_1_136' title='bbox 246 2741 373 2815; x_wconf 91' lang='lat' dir='ltr'><strong>eadem</strong></span> <span class='ocrx_word' id='word_1_137' title='bbox 396 2740 473 2840; x_wconf 82' lang='lat' dir='ltr'><strong>lege</strong></span> <span class='ocrx_word' id='word_1_138' title='bbox 497 2739 684 2843; x_wconf 87' lang='lat' dir='ltr'><strong>postulavi.</strong></span> <span class='ocrx_word' id='word_1_139' title='bbox 704 2740 814 2831; x_wconf 90' lang='lat' dir='ltr'><strong>Quod</strong></span> <span class='ocrx_word' id='word_1_140' title='bbox 837 2738 961 2813; x_wconf 88' lang='lat' dir='ltr'><strong>melius</strong></span> <span class='ocrx_word' id='word_1_141' title='bbox 985 2723 1147 2839; x_wconf 90' lang='lat' dir='ltr'><strong>caderet,</strong></span> <span class='ocrx_word' id='word_1_142' title='bbox 1172 2736 1256 2812; x_wconf 89' lang='lat' dir='ltr'><strong>nihil</strong></span> 
     </span>
     <span class='ocr_line' id='line_1_21' title="bbox 248 2864 1256 2969; baseline 0 -30"><span class='ocrx_word' id='word_1_143' title='bbox 248 2868 332 2940; x_wconf 86' lang='lat' dir='ltr'><strong>vidi.</strong></span> <span class='ocrx_word' id='word_1_144' title='bbox 357 2867 448 2941; x_wconf 90' lang='lat' dir='ltr'><strong>Nam</strong></span> <span class='ocrx_word' id='word_1_145' title='bbox 473 2869 524 2941; x_wconf 89' lang='lat' dir='ltr'><strong>sic</strong></span> <span class='ocrx_word' id='word_1_146' title='bbox 541 2881 595 2940; x_wconf 91' lang='lat' dir='ltr'><strong>est</strong></span> <span class='ocrx_word' id='word_1_147' title='bbox 618 2894 639 2940; x_wconf 91' lang='lat' dir='ltr'><strong>a</strong></span> <span class='ocrx_word' id='word_1_148' title='bbox 664 2864 818 2968; x_wconf 90' lang='lat' dir='ltr'><strong>populo,</strong></span> <span class='ocrx_word' id='word_1_149' title='bbox 845 2879 882 2939; x_wconf 88' lang='lat' dir='ltr'><strong>et</strong></span> <span class='ocrx_word' id='word_1_150' title='bbox 904 2891 980 2940; x_wconf 91' lang='lat' dir='ltr'><strong>non</strong></span> <span class='ocrx_word' id='word_1_151' title='bbox 1012 2866 1140 2940; x_wconf 89' lang='lat' dir='ltr'><strong>infimo</strong></span> <span class='ocrx_word' id='word_1_152' title='bbox 1174 2889 1256 2969; x_wconf 86' lang='lat' dir='ltr'><strong>qoo-</strong></span> 
     </span>
     <span class='ocr_line' id='line_1_22' title="bbox 248 2989 1252 3093; baseline 0.003 -30"><span class='ocrx_word' id='word_1_153' title='bbox 248 3019 339 3092; x_wconf 89' lang='lat' dir='ltr'><strong>qne,</strong></span> <span class='ocrx_word' id='word_1_154' title='bbox 376 2993 630 3092; x_wconf 89' lang='lat' dir='ltr'><strong>approbatum,</strong></span> <span class='ocrx_word' id='word_1_155' title='bbox 665 3007 705 3065; x_wconf 91' lang='lat' dir='ltr'><strong>ut</strong></span> <span class='ocrx_word' id='word_1_156' title='bbox 738 2994 908 3066; x_wconf 88' lang='lat' dir='ltr'><strong>maiorem</strong></span> <span class='ocrx_word' id='word_1_157' title='bbox 942 2992 1064 3093; x_wconf 87' lang='lat' dir='ltr'><strong>Appio</strong></span> <span class='ocrx_word' id='word_1_158' title='bbox 1101 2989 1252 3066; x_wconf 83' lang='lat' dir='ltr'><strong>dolorem</strong></span> 
     </span>
     <span class='ocr_line' id='line_1_23' title="bbox 247 3114 1249 3220; baseline -0.004 -30"><span class='ocrx_word' id='word_1_159' title='bbox 247 3119 339 3190; x_wconf 87' lang='lat' dir='ltr'><strong>lama</strong></span> <span class='ocrx_word' id='word_1_160' title='bbox 354 3120 404 3217; x_wconf 79' lang='lat'><strong>²³,</strong></span> <span class='ocrx_word' id='word_1_161' title='bbox 420 3145 527 3219; x_wconf 88' lang='lat' dir='ltr'><strong>quam</strong></span> <span class='ocrx_word' id='word_1_162' title='bbox 543 3118 754 3220; x_wconf 87' lang='lat' dir='ltr'><strong>postulatio,</strong></span> <span class='ocrx_word' id='word_1_163' title='bbox 772 3118 937 3192; x_wconf 87' lang='lat' dir='ltr'><strong>attulerit.</strong></span> <span class='ocrx_word' id='word_1_164' title='bbox 952 3121 1140 3192; x_wconf 90' lang='lat' dir='ltr'><strong>Praeterea</strong></span> <span class='ocrx_word' id='word_1_165' title='bbox 1159 3114 1249 3216; x_wconf 89' lang='lat' dir='ltr'><strong>coepi</strong></span> 
     </span>
     <span class='ocr_line' id='line_1_24' title="bbox 249 3239 1247 3347; baseline -0.001 -29"><span class='ocrx_word' id='word_1_166' title='bbox 249 3244 433 3344; x_wconf 90' lang='lat' dir='ltr'><strong>sacellum,</strong></span> <span class='ocrx_word' id='word_1_167' title='bbox 469 3246 508 3317; x_wconf 94' lang='lat' dir='ltr'><strong>in</strong></span> <span class='ocrx_word' id='word_1_168' title='bbox 540 3245 649 3319; x_wconf 92' lang='lat' dir='ltr'><strong>domo</strong></span> <span class='ocrx_word' id='word_1_169' title='bbox 682 3246 778 3347; x_wconf 89' lang='lat' dir='ltr'><strong>quod</strong></span> <span class='ocrx_word' id='word_1_170' title='bbox 805 3260 881 3343; x_wconf 89' lang='lat' dir='ltr'><strong>est,</strong></span> <span class='ocrx_word' id='word_1_171' title='bbox 917 3244 962 3318; x_wconf 91' lang='lat' dir='ltr'><strong>ab</strong></span> <span class='ocrx_word' id='word_1_172' title='bbox 996 3269 1040 3318; x_wconf 90' lang='lat' dir='ltr'><strong>eo</strong></span> <span class='ocrx_word' id='word_1_173' title='bbox 1074 3257 1195 3344; x_wconf 88' lang='lat' dir='ltr'><strong>petere</strong></span> <span class='ocrx_word' id='word_1_174' title='bbox 1216 3239 1247 3310; x_wconf 70' lang='lat'><strong>²4·</strong></span> 
     </span>
     <span class='ocr_line' id='line_1_25' title="bbox 250 3370 1248 3472; baseline -0.009 -26"><span class='ocrx_word' id='word_1_175' title='bbox 250 3372 450 3446; x_wconf 89' lang='lat' dir='ltr'><strong>Conturbat</strong></span> <span class='ocrx_word' id='word_1_176' title='bbox 473 3397 531 3444; x_wconf 88' lang='lat' dir='ltr'><strong>me</strong></span> <span class='ocrx_word' id='word_1_177' title='bbox 556 3397 654 3446; x_wconf 91' lang='lat' dir='ltr'><strong>mora</strong></span> <span class='ocrx_word' id='word_1_178' title='bbox 681 3373 773 3447; x_wconf 87' lang='lat' dir='ltr'><strong>servi</strong></span> <span class='ocrx_word' id='word_1_179' title='bbox 798 3372 919 3470; x_wconf 91' lang='lat' dir='ltr'><strong>buius,</strong></span> <span class='ocrx_word' id='word_1_180' title='bbox 935 3379 937 3384; x_wconf 79' lang='grc'><strong>’</strong></span> <span class='ocrx_word' id='word_1_181' title='bbox 952 3371 1013 3472; x_wconf 91' lang='lat' dir='ltr'><strong>qui</strong></span> <span class='ocrx_word' id='word_1_182' title='bbox 1046 3370 1113 3443; x_wconf 93' lang='lat' dir='ltr'><strong>tibi</strong></span> <span class='ocrx_word' id='word_1_183' title='bbox 1146 3370 1248 3442; x_wconf 88' lang='lat' dir='ltr'><strong>literas</strong></span> 
     </span>
     <span class='ocr_line' id='line_1_26' title="bbox 250 3495 1247 3600; baseline -0.01 -27"><span class='ocrx_word' id='word_1_184' title='bbox 250 3498 376 3573; x_wconf 89' lang='lat' dir='ltr'><strong>attulit.</strong></span> <span class='ocrx_word' id='word_1_185' title='bbox 411 3498 502 3574; x_wconf 87' lang='lat' dir='ltr'><strong>Nam</strong></span> <span class='ocrx_word' id='word_1_186' title='bbox 547 3500 702 3599; x_wconf 87' lang='lat' dir='ltr'><strong>acceptis</strong></span> <span class='ocrx_word' id='word_1_187' title='bbox 736 3499 913 3600; x_wconf 90' lang='lat' dir='ltr'><strong>prioribus</strong></span> <span class='ocrx_word' id='word_1_188' title='bbox 950 3497 1079 3598; x_wconf 85' lang='lat' dir='ltr'><strong>literis,</strong></span> <span class='ocrx_word' id='word_1_189' title='bbox 1114 3495 1247 3598; x_wconf 88' lang='lat' dir='ltr'><strong>amplius</strong></span> 
     </span>
     <span class='ocr_line' id='line_1_27' title="bbox 249 3611 1249 3729; baseline -0.007 -30"><span class='ocrx_word' id='word_1_190' title='bbox 249 3627 480 3729; x_wconf 85' lang='lat' dir='ltr'><strong>quadraginta</strong></span> <span class='ocrx_word' id='word_1_191' title='bbox 508 3627 583 3699; x_wconf 90' lang='lat' dir='ltr'><strong>dies</strong></span> <span class='ocrx_word' id='word_1_192' title='bbox 601 3628 633 3677; x_wconf 83' lang='lat'><strong>²⁵</strong></span> <span class='ocrx_word' id='word_1_193' title='bbox 651 3627 790 3698; x_wconf 88' lang='lat' dir='ltr'><strong>mansit.</strong></span> <span class='ocrx_word' id='word_1_194' title='bbox 809 3611 1175 3723; x_wconf 41' lang='lat' dir='ltr'><strong>Quid&#39;tibiscribam,</strong></span> <span class='ocrx_word' id='word_1_195' title='bbox 1199 3645 1249 3694; x_wconf 87' lang='lat' dir='ltr'><strong>ne-</strong></span> 
     </span>
     <span class='ocr_line' id='line_1_28' title="bbox 251 3752 1255 3851; baseline -0.008 -24"><span class='ocrx_word' id='word_1_196' title='bbox 251 3757 333 3828; x_wconf 88' lang='lat' dir='ltr'><strong>scio.</strong></span> <span class='ocrx_word' id='word_1_197' title='bbox 360 3755 434 3827; x_wconf 91' lang='lat' dir='ltr'><strong>Scis</strong></span> <span class='ocrx_word' id='word_1_198' title='bbox 459 3755 616 3828; x_wconf 89' lang='lat' dir='ltr'><strong>Domitio</strong></span> <span class='ocrx_word' id='word_1_199' title='bbox 643 3752 737 3825; x_wconf 91' lang='lat' dir='ltr'><strong>diem</strong></span> <span class='ocrx_word' id='word_1_200' title='bbox 762 3753 881 3826; x_wconf 90' lang='lat' dir='ltr'><strong>timori</strong></span> <span class='ocrx_word' id='word_1_201' title='bbox 907 3777 983 3825; x_wconf 86' lang='lat' dir='ltr'><strong>esse</strong></span> <span class='ocrx_word' id='word_1_202' title='bbox 1005 3754 1049 3824; x_wconf 81' lang='lat'><strong>²⁶.</strong></span> <span class='ocrx_word' id='word_1_203' title='bbox 1083 3754 1255 3851; x_wconf 84' lang='lat' dir='ltr'><strong>Exspecto</strong></span> 
     </span>
     <span class='ocr_line' id='line_1_29' title="bbox 252 3879 1266 3983; baseline -0.005 -31"><span class='ocrx_word' id='word_1_204' title='bbox 252 3894 287 3953; x_wconf 88' lang='lat' dir='ltr'><strong>te</strong></span> <span class='ocrx_word' id='word_1_205' title='bbox 304 3881 423 3982; x_wconf 90' lang='lat' dir='ltr'><strong>valde,</strong></span> <span class='ocrx_word' id='word_1_206' title='bbox 441 3895 476 3955; x_wconf 86' lang='lat' dir='ltr'><strong>et</strong></span> <span class='ocrx_word' id='word_1_207' title='bbox 494 3907 600 3983; x_wconf 91' lang='lat' dir='ltr'><strong>quam</strong></span> <span class='ocrx_word' id='word_1_208' title='bbox 617 3882 769 3983; x_wconf 88' lang='lat' dir='ltr'><strong>primum</strong></span> <span class='ocrx_word' id='word_1_209' title='bbox 786 3879 906 3955; x_wconf 90' lang='lat' dir='ltr'><strong>videre</strong></span> <span class='ocrx_word' id='word_1_210' title='bbox 925 3879 1089 3980; x_wconf 85' lang='lat' dir='ltr'><strong>cupio.A</strong></span> <span class='ocrx_word' id='word_1_211' title='bbox 1107 3891 1143 3952; x_wconf 88' lang='lat' dir='ltr'><strong>te</strong></span> <span class='ocrx_word' id='word_1_212' title='bbox 1160 3889 1266 3978; x_wconf 79' lang='lat' dir='ltr'><strong>peto,</strong></span> 
     </span>
    </p>
   </div>
   <div class='ocr_carea' id='block_1_4' title="bbox 0 0 1325 4854">
    <p class='ocr_par' dir='ltr' id='par_1_4' title="bbox 0 0 1325 4854">
     <span class='ocr_line' id='line_1_30' title="bbox 0 0 1325 4854; baseline 0 0"><span class='ocrx_word' id='word_1_213' title='bbox 0 0 1325 4854; x_wconf 95' lang='lat' dir='ltr'><strong> </strong></span> 
     </span>
    </p>
   </div>
  </div>
 </body>
</html>
