2626 4854
438 350 475 397 ru
502 332 693 398 arrsronts
997 331 1069 405 325

58 471 80 532 9
102 449 170 510 Hoc
190 458 254 521 est,
274 447 345 510 volo
367 448 503 510 Caesaris
523 449 701 530 dignitatern
723 449 837 512 salvam
849 463 879 514 et
893 453 1070 516 inviolatam

100 575 233 617 manere.
258 553 366 615 Graes.
388 555 456 616 IIoc
478 554 553 616 dicit
583 556 704 629 Cicero,
728 560 799 639 quia
824 568 855 620 et
879 559 968 621 multi
992 562 1070 623 Cae·

100 667 160 727 sari
181 661 374 735 invidebant,
401 673 432 723 at
456 663 521 746 ipse
544 662 704 724 Caesarem
725 663 814 725 valde
837 665 997 748 diligebam
1022 691 1070 752 ep.

100 771 275 843 CXLVIII,
296 771 315 831 3
335 769 414 848 eti.
445 769 503 831 Ma.
529 769 646 852 aliquot
675 771 801 832 minoris
827 783 918 834 notae
948 773 1073 836 Caesari

99 878 296 942 honestissime
320 878 427 960 cupio,
458 875 542 959 quod
579 876 747 940 Lambinus
778 890 918 963 receptae
948 881 1069 944 lectioni

99 960 298 1070 praeferebat.

62 1116 99 1156 ro
121 1095 155 1154 In
168 1104 278 1176 quatu
290 1112 354 1152 non
363 1091 495 1153 multum
510 1091 634 1154 laboras
645 1103 677 1154 et
686 1094 852 1166 contendis,
861 1114 923 1155 non
937 1095 1067 1157 multum

100 1203 164 1261 cius
185 1198 277 1260 rebus
297 1209 328 1259 et
348 1200 476 1279 negotiis
497 1210 527 1260 te
548 1200 716 1272 immisces,
746 1199 798 1261 sed
819 1202 946 1284 quiescis
971 1205 1066 1285 quasi.

98 1306 157 1391 Ep.
178 1305 338 1378 CCXXV,
359 1326 393 1366 a:
425 1304 580 1367 Curionem
606 1305 689 1369 video
711 1305 871 1390 dupliciter
887 1329 919 1369 se
938 1310 1066 1370 motmu-

97 1435 163 1476 rum
183 1424 239 1476 etc
258 1424 289 1474 et
309 1412 396 1474 Catil.
418 1413 480 1486 IV,
500 1411 528 1473 ὅ.
551 1412 702 1475 Graevius.
733 1414 806 1476 Mox
833 1413 922 1476 Amb.
947 1415 983 1493 td
1003 1413 1065 1476 dis·
1094 1415 1099 1435 ¹

98 1534 218 1584 tractus.

60 1650 91 1689 ts
115 1628 174 1712 Ep.
196 1626 344 1688 CCLXII.
365 1628 437 1690 Mox
458 1625 569 1689 tmbb.
593 1628 611 1690 3
631 1638 662 1691 et
686 1648 720 1689 ss
738 1646 884 1710 puerum,
903 1629 1006 1713 irsquis.

60 1757 95 1796 ta
116 1735 259 1817 Plerique
289 1736 370 1795 enim
402 1734 441 1795 de
473 1735 632 1817 provincia
663 1734 840 1796 decedentes
874 1757 1062 1819 praeponere

96 1854 288 1926 quaestorem
309 1841 466 1918 solebant3
486 1862 534 1924 ep.
548 1840 711 1904 CCLVIII.
725 1841 888 1903 Manutius.
901 1844 977 1904 Mox
991 1841 1063 1903 libri

93 1948 246 2023 nonnulli,
265 1958 340 2011 teste
360 1947 528 2021 Lambino,
549 1948 642 2021 ullust
664 1947 745 2012 unde
759 1948 939 2011 coniiciebat
958 1948 1063 2031 legen-

94 2058 169 2119 dum
191 2079 284 2140 neque
303 2068 369 2118 erat
386 2057 522 2139 superior
531 2057 641 2119 honore
655 2056 750 2130 ullus,
769 2056 924 2140 quomodo
941 2056 1062 2118 Iocutus

93 2177 139 2227 est
157 2167 261 2226 noster
279 2165 311 2224 in
331 2186 379 2247 ep.
400 2162 562 2227 CCLVIII.

58 2273 93 2334 13
113 2273 158 2335 Vt
176 2270 300 2354 praefici
321 2280 491 2354 pateretur3
512 2293 560 2355 ep.
575 2269 744 2345 CCLXIV,
769 2292 793 2331 t.
809 2269 916 2332 zell
932 2271 969 2354 Q.
983 2269 1062 2332 Fra·

95 2379 133 2439 tri
151 2378 291 2460 imperari
309 2397 369 2439 non
385 2389 512 2460 poterat.

57 2487 94 2564 14
114 2486 210 2546 Facto
231 2495 351 2546 senatus
382 2485 536 2558 consulto,
562 2485 601 2546 de
629 2507 692 2567 quo
718 2505 787 2568 epp.
809 2484 1004 2557 CCXXVII,
1026 2483 1064 2555 3,

94 2593 254 2667 CCLVII,
273 2591 313 2665 5,
333 2591 493 2666 CCXVII,
518 2613 528 2653 ι
553 2600 584 2654 et
604 2591 811 2666 CCLXXVI,
827 2593 856 2670 4.
879 2590 999 2652 Manus.

56 2699 92 2762 15
111 2700 183 2762 Rec.
203 2697 280 2761 itud
305 2699 402 2760 etiam.
724 2709 726 2714 '

55 2806 91 2869 16
109 2808 169 2892 Ep.
198 2806 377 2879 CCXXIII,
413 2807 439 2868 3.
469 2805 560 2868 Asiae
590 2803 769 2889 praefuisse,
806 2824 864 2887 pro
895 2813 1059 2885 praetore3

89 2937 139 2998 ep.
160 2913 281 2988 XXIX,
307 2936 317 2975 1
343 2924 415 2976 extr.

53 3041 87 3103 ¹7
110 3021 165 3081 Cn.
185 3016 325 3104 Pompeii
352 3032 382 3083 et
410 3021 558 3084 Caesaris.
590 3019 714 3084 Corrud.
739 3018 829 3083 tmb.
853 3016 889 3081 15
917 3017 1059 3100 potentis-

87 3129 227 3190 simontm
246 3129 381 3191 oliorum.
1023 3107 1025 3112 Ι

52 3234 88 3298 ι8
109 3237 148 3315 Q.
170 3236 307 3297 Cassium
328 3237 520 3318 Longinum,
540 3235 682 3320 Pompeii
697 3237 729 3297 in
742 3234 890 3318 Hispania
910 3241 1054 3315 quaesto-

85 3364 168 3416 rem,
188 3343 348 3425 intelligit,
367 3354 398 3404 et
418 3343 460 3404 M.
483 3345 666 3414 Antonium,
693 3345 725 3402 in
746 3341 893 3425 Hispania
920 3339 1057 3399 Caesaris

85 3461 278 3532 quaestorem
301 3451 366 3532 (ep.
377 3450 573 3522 CCLXXVI,
584 3450 633 3530 4),
646 3460 770 3510 auctore
781 3448 882 3508 Dione
896 3445 948 3506 lib.
960 3444 1058 3505 XLV.

87 3555 212 3618 Corrad.
235 3556 328 3637 Quod
348 3569 450 3618 autem
474 3556 593 3618 Cassios
614 3567 645 3618 et
664 3556 812 3618 Antonios
825 3572 954 3614 numero
971 3549 1057 3610 mul-

84 3661 225 3725 titudinis
252 3663 328 3724 dixit
348 3685 406 3746 pro
429 3663 563 3725 Cassium
591 3675 621 3726 et
640 3664 821 3734 Antonium,
850 3680 913 3720 non
940 3676 1056 3716 novum

83 3781 146 3844 est,
177 3771 277 3854 inquit
297 3770 467 3844 Victorius,
500 3770 584 3854 apud
612 3769 810 3840 Ciceronem,
840 3765 926 3826 utin
946 3761 1055 3844 epod

83 3877 217 3939 Paetum
239 3877 440 3952 CDLXXIII,
467 3899 496 3940 t:
517 3878 644 3963 Iusque,
672 3892 699 3938 te
718 3896 809 3960 quum
829 3871 929 3944 s’r'dso,
955 3889 1055 3931 omues
