2626 4854
159 369 227 439 128
485 384 658 431 uersroca
684 384 817 432 cccxxv.
941 378 972 426 a.
986 382 1021 428 v.
1040 382 1069 427 c.
1092 383 1139 443 ⁷⁰³

153 492 289 565 ratione
318 513 391 559 non
422 500 538 559 servat
559 488 591 585 ⁸3
620 485 684 558 tibi
714 509 927 584 magnopere
952 483 1163 557 servandam

154 642 290 690 censeo.
309 612 418 705 Quod
443 608 586 710 scribis,
607 612 768 711 Apamea
794 609 1009 711 praesidium
1036 609 1161 683 deduci

150 768 225 816 non
249 740 468 841 oportuisse,
492 737 660 813 videbam
682 738 778 811 idem
796 751 932 811 ceteros
952 738 1164 833 existimare5

150 868 367 968 molesteque
391 864 563 964 ferebam,
589 864 633 937 de
658 891 699 937 ea
724 891 763 938 re
786 866 904 937 minus
924 863 1160 938 commodosa

151 1019 330 1067 sermones
356 992 601 1071 malivolorum
626 990 740 1065 fuisse.
757 990 881 1064 Parthi
898 991 1103 1065 transierint
1116 1006 1160 1096 ¹⁰,

152 1146 286 1219 necne,
311 1134 450 1218 praeter
475 1133 532 1219 te,
557 1114 664 1191 video'
689 1116 851 1193 dubitare
875 1118 1065 1191 neminem.
1089 1118 1155 1189 Ita-

154 1272 222 1348 que
248 1247 366 1318 omnia
391 1244 586 1346 praesidia,
613 1271 702 1346 quae
728 1270 855 1343 magna
880 1257 917 1316 et
942 1245 1045 1316 firma
1065 1267 1157 1343 para·

154 1397 292 1469 veram,
318 1386 515 1445 commotus
540 1371 726 1445 hominum
749 1397 825 1443 non
850 1369 961 1444 dubio
984 1394 1183 1469 sermone,

155 1498 277 1572 dimisi.
304 1500 469 1571 Rationes
495 1499 565 1571 mei
590 1499 785 1600 quaestoris
801 1513 829 1549 ¹¹
855 1524 923 1570 nee
947 1519 1075 1571 verum
1098 1494 1160 1567 fuit

152 1650 210 1697 me
237 1624 299 1697 tibi
326 1627 486 1725 mittere,
510 1651 576 1698 nec
594 1639 670 1698 tum
688 1638 788 1698 erant
805 1624 995 1698 confectae.
1007 1625 1081 1696 Eas
1097 1646 1158 1695 nos

152 1751 332 1852 Apameae
351 1752 529 1852 deponere
547 1751 797 1850 cogitabamus.
808 1754 862 1826 De
880 1750 1014 1851 praeda
1032 1774 1111 1822 mea
1119 1764 1160 1848 ¹²,

152 1893 291 1978 praeter
316 1894 517 1978 quaestores
543 1878 719 1977 urbanos,
744 1878 781 1950 id
807 1891 877 1975 est,
901 1875 1079 1977 populum
1098 1878 1159 1948 Ro·

151 2029 295 2076 manum
315 2007 360 2104 ¹³,
385 2007 580 2078 teruncium
599 2031 664 2077 nec
682 2006 814 2104 attigit,
839 2030 905 2075 nec
931 2017 1093 2075 tacturus
1111 2014 1159 2074 est

154 2132 345 2231 quisquam.
373 2131 569 2204 Laodiceae
606 2158 663 2204 me
701 2130 849 2230 praedes
871 2128 902 2196 ¹4
930 2144 1160 2230 accepturum

154 2255 305 2335 arbitror
329 2258 442 2328 omnis
467 2259 639 2357 pecuniae
664 2256 843 2359 publicae,
868 2269 908 2328 ut
934 2270 970 2328 et
998 2256 1104 2356 mihi,
1128 2268 1160 2329 et

153 2380 289 2482 populo
309 2395 450 2459 cautum
468 2385 530 2483 sit,
547 2386 621 2456 sine
638 2398 803 2457 vecturae
822 2380 979 2485 periculo
995 2384 1037 2456 ¹5.
1056 2382 1161 2477 Quod

154 2507 276 2580 scribis
301 2509 348 2581 ad
373 2536 429 2582 me
447 2510 491 2583 de
509 2509 684 2584 drachmis
702 2537 855 2609 cccrooo,
872 2508 960 2582 nibil
973 2525 1050 2610 est,
1069 2508 1160 2612 quod

153 2618 189 2709 iu
214 2636 283 2709 isto
302 2663 426 2734 genere
444 2639 608 2739 cuiquam
624 2639 757 2737 possim
776 2636 1015 2711 commodare.
1037 2639 1159 2712 Omnis

153 2763 246 2833 enim
265 2765 414 2862 pecunia
431 2766 479 2836 ita
497 2778 684 2862 tractatur,
701 2778 741 2837 ut
754 2763 903 2865 praeda,
919 2789 940 2835 a
954 2764 1159 2863 praefectis,

153 2914 242 2986 qnae
268 2904 384 2961 autem
410 2891 494 2962 mihi
520 2891 687 2963 attributa
714 2904 788 2990 est,
814 2904 1041 2991 aquaestore
1064 2917 1159 2964 cura·

152 3016 263 3085 tur16.
280 3015 388 3105 Quod
406 3018 543 3116 quaeris
562 3017 648 3117 quid
665 3018 859 3090 existimem
877 3015 921 3088 de
945 3015 1159 3115 legionibus,

153 3165 241 3237 quae
268 3140 428 3214 decretae
454 3144 597 3217 suntin
622 3144 776 3242 Syriam:
803 3156 904 3217 antea
932 3141 1158 3238 dubitabam,

152 3279 363 3339 venturaene
390 3282 522 3368 essent,
555 3295 650 3343 nnnc
683 3271 770 3343 mibi
802 3295 874 3341 non
908 3283 962 3345 est
991 3269 1155 3368 dubium,

153 3391 259 3491 quin,
286 3393 313 3463 si
340 3408 441 3467 antea
468 3395 626 3471 auditum
651 3398 733 3494 erit,
759 3396 870 3468 otium
896 3420 972 3468 esse
989 3397 1028 3468 in
1047 3396 1156 3496 Syria,

151 3531 319 3590 venturae
345 3545 418 3592 non
449 3522 526 3593 sint.
560 3523 711 3594 Marium
744 3521 885 3623 quidem
917 3547 1154 3596 successorem

152 3644 295 3716 tandem
315 3662 343 3710 ¹7
371 3647 475 3720 video
501 3675 575 3721 esse
601 3662 811 3745 venturum,
843 3661 1036 3747 propterea
1064 3645 1151 3750 quod

151 3786 290 3843 senatus
317 3774 366 3844 ita
393 3775 561 3873 decrevit,
587 3790 627 3848 ut
653 3803 734 3848 cum
758 3773 952 3873 legionibus
980 3776 1059 3848 iret.

201 3900 323 3972 aUni
348 3902 517 4001 epistolae
549 3904 736 4005 respondi:
777 3903 881 3977 venio
915 3901 962 3975 ad
998 3902 1143 3977 alteram.
