2626 4854
520 349 558 396 ru
584 347 774 396 errsronrs
1078 329 1152 429 3¹9

183 473 246 512 una
267 459 348 520 erat,
378 470 461 530 qua,
492 445 611 509 sublato
638 450 731 508 veteri
751 446 977 509 referendarum
997 451 1152 515 rationum

183 558 225 619 ad
246 547 355 617 urbem
370 575 470 627 more,
490 556 721 636 provinciarum
732 554 995 618 administratores
1006 556 1154 621 iubeban-

183 677 246 737 tur,
261 668 394 724 rationes
408 665 439 722 in
454 664 610 744 provincia
624 660 965 745 conficere,·earumque
978 666 1153 748 exemplum

181 775 216 832 in
236 770 357 833 duabus
377 772 553 852 provinciae
584 772 678 852 ipsius
710 768 882 836 civitatibus
911 770 1062 854 deponere
1084 776 1153 856 (ep.

182 884 278 962 sup).
294 886 332 938 At
345 878 489 951 Bibulus,
504 899 599 959 quum
614 877 694 958 leges
707 894 811 939 omnes
826 877 978 954 Caesaris,
993 891 1154 962 tamquam

181 996 290 1048 contra
320 987 473 1068 auspicia,
505 996 535 1046 et
566 1007 597 1046 se
627 986 777 1067 collegam
808 984 1044 1047 obnuneiantem
1076 987 1151 1049 latas

183 1097 274 1176 (epp.
295 1093 382 1154 XLV
394 1137 405 1167 ,
426 1092 460 1164 5,
480 1093 596 1160 XLVI.
609 1093 630 1169 4
644 1102 674 1153 at
687 1092 821 1165 XLVII,
834 1094 893 1174 3),
914 1115 950 1153 ac
962 1093 1089 1177 proinde
1110 1098 1151 1156 ir·

181 1203 256 1261 ritas
280 1209 419 1282 putaret,
449 1198 529 1260 hanc
560 1220 683 1282 quoque
713 1199 751 1261 de
774 1199 951 1265 ,rationibus
983 1200 1148 1262 referendis
1172 1277 1178 1296 .

181 1308 298 1368 servari
312 1305 451 1378 nolebat,
465 1309 496 1366 in
510 1328 572 1388 quo
586 1316 617 1367 et
631 1307 774 1369 Caninius
788 1317 991 1390 proqunestor
1003 1307 1148 1369 Bibulum

183 1415 298 1474 imitari
312 1413 469 1485 decrerat,
489 1426 596 1475 contra
615 1424 719 1475 tamen
732 1414 894 1476 consilium
906 1415 1077 1489 Ciceronis,
1097 1418 1152 1498 qui

182 1521 281 1602 legem
305 1541 373 1581 eam
394 1521 575 1582 servandam
595 1520 744 1583 censebat.

139 1651 161 1713 9
180 1629 261 1688 Cum
282 1625 385 1708 aliqua
405 1628 608 1700 contumelia,
629 1649 739 1712 parum
760 1639 871 1710 gratos
892 1629 1011 1695 Manat.

144 1757 180 1797 ro
201 1734 393 1817 Euphratem
414 1737 446 1795 in
466 1736 552 1796 sedes
573 1748 650 1797 suas:

144 1864 174 1902 11
199 1842 235 1901 L.
250 1842 386 1902 Mescinii
400 1840 481 1902 Rufi.
495 1841 618 1903 Corrad.
640 1843 776 1925 Intellige
797 1845 927 1905 rationes
941 1865 960 1907 a
972 1864 1042 1905 meo
1057 1865 1149 1926 quae-

179 1959 263 2009 store
284 1948 451 2025 conlectas3
484 1947 553 2010 vide
583 1969 652 2032 epp.
674 1950 829 2013 CCCllet
850 1950 1013 2012 CDXCIV.
1036 1950 1150 2012 Verum

169 2055 234 2137 fuit
243 2101 256 2129 ,
283 2076 434 2137 aequum,
464 2057 578 2118 iustum
610 2056 677 2118 fuit.
710 2057 786 2119 Mox
813 2069 873 2119 uun
897 2055 1013 2129 liabent
1047 2057 1149 2140 plures

177 2162 290 2224 Ambb.
310 2175 342 2224 et
361 2163 431 2224 Ree.
453 2185 523 2224 cum
544 2163 833 2246 lllartyni-Lagun'a.
855 2163 959 2245 Vulgo
979 2182 1033 2237 nec
1051 2176 1149 2227 tomen

177 2284 266 2331 erant
285 2281 341 2331 ete.
400 2300 407 2311 ·

144 2400 177 2438 12
199 2379 348 2450 Pecunia,
380 2398 459 2459 quae
485 2398 521 2438 er
542 2377 658 2460 praeda
679 2378 802 2441 vendita
821 2378 945 2441 redacta
964 2390 1038 2441 erat.
1059 2378 1088 2439 Ι.
1109 2377 1147 2438 F.

180 2485 310 2547 Gronov.
325 2484 474 2546 Praedam
495 2494 599 2546 antem
619 2486 776 2568 intelligit,
795 2508 892 2568 quem
906 2485 944 2548 de
957 2489 1044 2548 victis
1058 2485 1149 2548 Ama-

175 2592 331 2654 niensibus
354 2595 417 2675 (ep.
439 2592 649 2665 CCXXVlll,
674 2594 706 2674 r)
728 2593 806 2655 tecit.

142 2700 175 2760 13
197 2699 281 2759 Haec
312 2697 406 2759 verba
437 2696 568 2780 glossam
598 2700 728 2782 sapiunt
761 2700 797 2758 ln
825 2696 915 2760 Amb.
941 2699 978 2775 14
998 2697 1145 2770 aberant,

176 2806 317 2888 suppleta
337 2817 441 2888 postea
473 2827 492 2865 a
523 2826 617 2866 manu
644 2808 816 2889 posteriori.
843 2806 991 2873 Exsulant
1014 2807 1105 2866 etiam
1126 2828 1146 2866 a

176 2912 238 2973 Zel.
259 2912 294 2973 B.
314 2912 480 2995 Superiora
501 2933 570 2972 cum
592 2933 675 2994 seqq.
694 2911 755 2972 hoo
776 2912 885 2985 modo,
914 2913 1053 2975 Manutio
1075 2932 1145 2973 sua-

177 3020 287 3095 dente,
317 3033 387 3081 sunt
414 3020 639 3102 coniungenda:
671 3031 793 3102 praeter
816 3031 990 3103 quaestores
1013 3019 1148 3083 urbanos

177 3149 216 3188 ne
236 3130 407 3189 teruncium
430 3128 553 3210 quidem
575 3138 711 3189 tacturus
731 3137 778 3190 est
797 3129 968 3210 quisquam.

145 3235 181 3312 ¹4
201 3235 258 3308 Vt,
271 3246 420 3317 quantum
432 3235 484 3297 hic
500 3237 650 3318 pecuniae
662 3235 800 3319 depono,
812 3247 931 3301 tantum
944 3234 1020 3297 mihi
1030 3236 1147 3298 Romae

174 3362 209 3402 ex
230 3345 456 3425 permutatione
476 3354 664 3405 numeretur.
685 3344 847 3405 Manutius.

144 3446 175 3509 15
193 3448 353 3511 Ernestius
361 3449 578 3533 corrigebatde
591 3462 724 3512 vecturae
733 3451 880 3532 perierim
892 3451 976 3533 quod
987 3450 1145 3511 Schtttzius

176 3558 267 3616 etiam
289 3559 411 3638 recepit.
433 3557 501 3638 Ego
521 3570 641 3619 cautum
661 3559 714 3630 sit,
735 3572 764 3619 et
782 3559 844 3619 sine
864 3573 997 3620 veetrrrae
1008 3556 1144 3642 periculo

177 3667 302 3724 seorsim
322 3662 404 3724 dicta
424 3666 557 3747 accipio,
586 3664 680 3738 idest,
708 3667 771 3726 siue
791 3666 855 3727 ullo
876 3674 1029 3748 respectu,
1057 3665 1145 3745 quasi

177 3769 314 3843 dixisset,
333 3779 368 3830 ut
379 3769 455 3830 mihi
469 3782 592 3833 cantum
607 3775 660 3845 sit,
681 3785 710 3834 et
724 3775 800 3835 eitra
816 3785 957 3837 vecturae
971 3770 1141 3855 periculum

181 3876 283 3940 eadem
304 3879 435 3961 pecunia
455 3891 632 3940 numeretur
653 3881 778 3942 Romae.
