2626 4854
165 324 237 395 226
503 344 675 393 urrsrotl
700 344 832 391 ccxciv.
945 344 977 393 Λ.
996 346 1034 393 v.
1049 347 1079 393 c.
1098 346 1145 406 7⁰³

162 473 263 545 nere,
288 446 318 519 si
342 445 451 519 modo
477 472 540 545 per
564 445 834 545 rempublicam
858 445 999 545 licebit,
1024 473 1100 521 non
1116 474 1168 521 ae·

163 573 363 647 cusabimur
387 577 418 641 ³⁷
445 572 609 672 postha03
637 599 750 674 neque
775 571 918 646 hercule
935 588 1042 646 antea
1060 574 1167 673 negli-

162 715 283 799 gentes
300 701 446 800 suimns‚
463 699 526 772 sed
543 701 736 773 amicorum
752 700 979 773 multitudine
993 703 1164 801 occupati

124 894 130 910 ,
160 829 257 927 Ergo
282 827 443 926 utemur,
464 840 504 898 ut
529 826 724 926 polliceris,
761 841 798 899 et
823 853 931 927 opera
957 842 995 900 et
1021 827 1165 901 oonsilio

161 968 245 1053 tuo3
271 979 334 1026 nec
362 952 426 1026 tibi
452 955 597 1055 erimus,
623 969 662 1026 ut
687 980 805 1055 spero,
830 956 867 1026 in
894 980 938 1027 eo
965 954 1116 1027 molesti.

211 1080 233 1155 5
260 1083 313 1153 De
340 1082 560 1180 serperastris
586 1083 618 1132 ³⁸
645 1081 802 1154 cohortis
835 1107 952 1180 meae,
984 1080 1077 1153 nihil
1101 1093 1164 1179 est,

162 1206 260 1308 quod
286 1206 414 1283 doleas.
440 1208 514 1307 Ipsi
532 1208 624 1279 enim
642 1235 679 1281 se
697 1207 913 1306 collegerunt
935 1206 1165 1283 admiratione

160 1335 371 1433 integritatis
395 1361 494 1408 meae
512 1337 553 1406 ³9.
571 1334 642 1407 Sed
658 1361 715 1407 me
732 1349 893 1409 moverat
909 1361 1017 1408 nemo
1043 1335 1165 1433 magis,

160 1487 265 1563 quam
283 1463 329 1558 is,
347 1487 451 1562 quem
469 1473 508 1532 tu
525 1462 701 1533 neminem
713 1459 745 1529 4ο
764 1474 879 1560 putas.
893 1460 995 1534 Idem
1012 1474 1051 1533 et
1068 1459 1164 1533 initio

157 1587 288 1685 iuerat,
314 1602 350 1659 et
375 1615 469 1659 nune
495 1601 548 1661 est
574 1589 738 1686 egregius.
772 1587 843 1661 Sed
878 1587 917 1658 in
940 1589 1020 1687 ipsa
1048 1587 1165 1659 deces-

157 1715 257 1787 sione
281 1716 506 1813 signifieavit,
535 1740 692 1814 sperasse
710 1741 747 1786 se
764 1712 913 1816 aliquid3
939 1729 976 1786 et
992 1713 1033 1786 id
1040 1771 1051 1813 ‚
1071 1712 1162 1816 quod

157 1842 313 1913 animum
337 1842 523 1915 induxerat
538 1839 570 1908 4ι
596 1839 804 1940 paullisper,
836 1866 910 1913 nou
935 1841 1076 1940 tenuit3
1103 1839 1163 1913 sed

159 1968 231 2045 cito
257 1967 304 2040 ad
328 1994 366 2041 se
377 1968 504 2067 rediit,
529 1969 684 2070 meisque
705 1967 1069 2040 honorificentissimis
1088 1992 1163 2065 erga

156 2119 193 2165 se
220 2093 344 2170 officiis
371 2096 504 2195 victus,
539 2095 649 2195 pluris
675 2121 715 2167 ea
743 2094 859 2194 duxit,
889 2120 997 2199 quam
1024 2119 1162 2167 omnem

154 2221 351 2321 pecuniam.

205 2346 230 2419 6
255 2349 333 2445 Ego
360 2371 380 2418 a
405 2347 511 2421 Curio
538 2346 674 2420 tabulas
691 2347 723 2414 4²
750 2348 888 2447 accepi,
913 2373 1002 2448 quas
1026 2375 1161 2451 meeum

154 2487 270 2571 porto.
287 2475 468 2547 Hortensii
484 2474 599 2573 legata
610 2472 643 2540 43
662 2476 823 2574 cognovi.
835 2474 937 2547 Nune
956 2500 1048 2549 aveo
1067 2476 1159 2573 seire,

155 2600 240 2699 quid
265 2601 417 2675 hominis
443 2604 488 2675 sit
504 2601 558 2701 ll,
583 2616 619 2674 et
644 2628 792 2702 quarum
819 2627 932 2675 rernm
960 2602 1159 2674 auctionem

152 2726 322 2801 instituat.
349 2728 476 2803 Nescio
504 2730 614 2828 euim,
652 2755 735 2827 cur,
769 2755 876 2830 quum
909 2741 1056 2827 portam
1082 2727 1158 2801 Flu·

152 2869 355 2927 mentanam
381 2857 518 2929 Caelius
544 2857 728 2955 occuparit
744 2854 795 2955 4⁵,
820 2880 884 2953 ego
901 2855 1077 2931 Puteolos
1094 2879 1158 2926 non

129 3005 250 3067 ,meos
276 2981 412 3057 faciam.

202 3135 223 3205 7
251 3107 367 3181 Venio
393 3108 440 3183 ad
464 3111 631 3210 Piraeea,
669 3111 705 3181 in
736 3136 806 3212 quo
832 3108 943 3206 magis
969 3108 1155 3211 reprehen-

153 3230 289 3306 dendus
315 3261 390 3307 sum
398 3292 408 3335 7
434 3236 533 3338 quod
557 3237 665 3310 homo
692 3239 870 3309 Romanus
898 3235 1056 3308 Piraeea
1084 3235 1155 3308 scri⁴

150 3361 280 3456 pserim
297 3359 344 3462 4⁶,
369 3389 442 3436 non
467 3366 656 3439 Piraeeum
683 3365 749 3451 (sic
777 3363 869 3436 enim
895 3386 1023 3435 omues
1051 3359 1153 3434 nostri

149 3483 258 3558 locuti
285 3500 400 3589 suut),
426 3519 530 3592 quam
558 3491 654 3595 quod
680 3495 717 3563 in
741 3489 946 3591 addiderim.
962 3488 1049 3562 Non
1068 3489 1151 3560 enim

149 3612 219 3687 hoc
244 3613 276 3680 47
304 3631 344 3688 ut
370 3618 505 3718 oppido
531 3619 745 3718 praeposui²
770 3618 834 3694 sed
859 3631 899 3690 ut
924 3615 1030 3688 loeo:
1057 3628 1150 3688 etta·

149 3765 231 3813 men
248 3743 438 3844 Dionysius
456 3757 594 3844 noster,
619 3746 679 3846 qni
697 3760 751 3819 est
768 3743 969 3841 nobiscum,
987 3756 1024 3814 et
1040 3739 1146 3815 Nicias

150 3868 245 3940 Cous
270 3896 343 3946 non
368 3871 528 3974 rebatur,
553 3871 726 3976 oppidum
752 3899 827 3945 esse
845 3871 1004 3947 Piraeea.
1021 3865 1091 3941 Sed
1107 3862 1140 3938 de
