<?xml version="1.0" encoding="UTF-8"?>
<!DOCTYPE html PUBLIC "-//W3C//DTD XHTML 1.0 Transitional//EN"
    "http://www.w3.org/TR/xhtml1/DTD/xhtml1-transitional.dtd">
<html xmlns="http://www.w3.org/1999/xhtml" xml:lang="en" lang="en">
 <head>
  <title>
</title>
<meta http-equiv="Content-Type" content="text/html;charset=utf-8" />
  <meta name='ocr-system' content='tesseract 3.04.00' />
  <meta name='ocr-capabilities' content='ocr_page ocr_carea ocr_par ocr_line ocrx_word'/>
</head>
<body>
  <div class='ocr_page' id='page_1' title='image "./mtulliiciceroni59cicegoog/mtulliiciceroni59cicegoog_0077.png"; bbox 0 0 2626 4854; ppageno 0'>
   <div class='ocr_carea' id='block_1_1' title="bbox 294 367 1272 490">
    <p class='ocr_par' dir='ltr' id='par_1_1' title="bbox 294 367 1272 490">
     <span class='ocr_line' id='line_1_1' title="bbox 294 367 1272 490; baseline -0.003 -30"><span class='ocrx_word' id='word_1_1' title='bbox 294 413 344 490; x_wconf 81' lang='lat'>7⁰</span> <span class='ocrx_word' id='word_1_2' title='bbox 644 406 816 458; x_wconf 74' lang='lat' dir='ltr'>rrrsrona</span> <span class='ocrx_word' id='word_1_3' title='bbox 842 367 951 460; x_wconf 66' lang='lat' dir='ltr'>ceris.</span> <span class='ocrx_word' id='word_1_4' title='bbox 1074 404 1106 455; x_wconf 78' lang='grc' dir='ltr'>Δ.</span> <span class='ocrx_word' id='word_1_5' title='bbox 1125 407 1159 455; x_wconf 89' lang='lat' dir='ltr'>v.</span> <span class='ocrx_word' id='word_1_6' title='bbox 1176 407 1206 455; x_wconf 90' lang='lat' dir='ltr'>c.</span> <span class='ocrx_word' id='word_1_7' title='bbox 1223 409 1272 471; x_wconf 78' lang='lat'>7⁰³</span> 
     </span>
    </p>
   </div>
   <div class='ocr_carea' id='block_1_2' title="bbox 231 507 1297 4022">
    <p class='ocr_par' dir='ltr' id='par_1_2' title="bbox 231 507 1297 2628">
     <span class='ocr_line' id='line_1_2' title="bbox 293 507 1297 614; baseline -0.002 -28"><span class='ocrx_word' id='word_1_8' title='bbox 293 513 421 586; x_wconf 90' lang='lat' dir='ltr'>honori</span> <span class='ocrx_word' id='word_1_9' title='bbox 453 515 615 613; x_wconf 89' lang='lat' dir='ltr'>putarem</span> <span class='ocrx_word' id='word_1_10' title='bbox 645 509 729 583; x_wconf 86' lang='lat' dir='ltr'>fore.</span> <span class='ocrx_word' id='word_1_11' title='bbox 765 509 858 583; x_wconf 93' lang='lat' dir='ltr'>Illud</span> <span class='ocrx_word' id='word_1_12' title='bbox 890 507 996 610; x_wconf 84' lang='lat' dir='ltr'>plane</span> <span class='ocrx_word' id='word_1_13' title='bbox 1027 508 1177 583; x_wconf 89' lang='lat' dir='ltr'>moleste</span> <span class='ocrx_word' id='word_1_14' title='bbox 1210 511 1297 614; x_wconf 91' lang='lat' dir='ltr'>tuli,</span> 
     </span>
     <span class='ocr_line' id='line_1_3' title="bbox 292 604 1296 742; baseline -0.001 -30"><span class='ocrx_word' id='word_1_15' title='bbox 292 639 390 742; x_wconf 89' lang='lat' dir='ltr'>quod</span> <span class='ocrx_word' id='word_1_16' title='bbox 415 639 644 711; x_wconf 87' lang='lat' dir='ltr'>certissimum</span> <span class='ocrx_word' id='word_1_17' title='bbox 669 651 705 709; x_wconf 91' lang='lat' dir='ltr'>et</span> <span class='ocrx_word' id='word_1_18' title='bbox 729 636 957 709; x_wconf 86' lang='lat' dir='ltr'>iustissimum</span> <span class='ocrx_word' id='word_1_19' title='bbox 980 635 1201 736; x_wconf 87' lang='lat' dir='ltr'>triumphum</span> <span class='ocrx_word' id='word_1_20' title='bbox 1225 604 1296 711; x_wconf 63' lang='lat' dir='ltr'>hic</span> 
     </span>
     <span class='ocr_line' id='line_1_4' title="bbox 291 761 1296 862; baseline -0.002 -25"><span class='ocrx_word' id='word_1_21' title='bbox 291 764 492 856; x_wconf 89' lang='lat' dir='ltr'>invidorum</span> <span class='ocrx_word' id='word_1_22' title='bbox 518 761 664 836; x_wconf 90' lang='lat' dir='ltr'>consilio</span> <span class='ocrx_word' id='word_1_23' title='bbox 693 787 767 834; x_wconf 91' lang='lat' dir='ltr'>esse</span> <span class='ocrx_word' id='word_1_24' title='bbox 801 761 867 834; x_wconf 91' lang='lat' dir='ltr'>tibi</span> <span class='ocrx_word' id='word_1_25' title='bbox 900 773 1060 862; x_wconf 89' lang='lat' dir='ltr'>ereptum</span> <span class='ocrx_word' id='word_1_26' title='bbox 1084 761 1254 836; x_wconf 83' lang='lat' dir='ltr'>videbam</span> <span class='ocrx_word' id='word_1_27' title='bbox 1270 761 1296 835; x_wconf 81' lang='lat'>4.</span> 
     </span>
     <span class='ocr_line' id='line_1_5' title="bbox 293 888 1297 990; baseline -0.001 -27"><span class='ocrx_word' id='word_1_28' title='bbox 293 891 402 984; x_wconf 90' lang='lat' dir='ltr'>Quod</span> <span class='ocrx_word' id='word_1_29' title='bbox 427 904 465 964; x_wconf 93' lang='lat' dir='ltr'>tu</span> <span class='ocrx_word' id='word_1_30' title='bbox 491 891 520 964; x_wconf 92' lang='lat' dir='ltr'>si</span> <span class='ocrx_word' id='word_1_31' title='bbox 545 890 634 962; x_wconf 89' lang='lat' dir='ltr'>tanti</span> <span class='ocrx_word' id='word_1_32' title='bbox 665 888 790 988; x_wconf 84' lang='lat' dir='ltr'>facies,</span> <span class='ocrx_word' id='word_1_33' title='bbox 815 888 937 990; x_wconf 87' lang='lat' dir='ltr'>quanti</span> <span class='ocrx_word' id='word_1_34' title='bbox 970 912 1035 987; x_wconf 85' lang='lat' dir='ltr'>ego</span> <span class='ocrx_word' id='word_1_35' title='bbox 1069 914 1211 989; x_wconf 83' lang='lat' dir='ltr'>semper</span> <span class='ocrx_word' id='word_1_36' title='bbox 1244 891 1297 962; x_wconf 91' lang='lat' dir='ltr'>iu·</span> 
     </span>
     <span class='ocr_line' id='line_1_6' title="bbox 294 1013 1296 1114; baseline -0.002 -24"><span class='ocrx_word' id='word_1_37' title='bbox 294 1018 408 1091; x_wconf 86' lang='lat' dir='ltr'>dicavi</span> <span class='ocrx_word' id='word_1_38' title='bbox 432 1015 630 1090; x_wconf 81' lang='lat' dir='ltr'>faciendum</span> <span class='ocrx_word' id='word_1_39' title='bbox 661 1041 751 1088; x_wconf 89' lang='lat' dir='ltr'>esse:</span> <span class='ocrx_word' id='word_1_40' title='bbox 782 1015 887 1087; x_wconf 83' lang='lat' dir='ltr'>facies</span> <span class='ocrx_word' id='word_1_41' title='bbox 919 1013 1113 1114; x_wconf 89' lang='lat' dir='ltr'>sapienter,</span> <span class='ocrx_word' id='word_1_42' title='bbox 1146 1029 1184 1088; x_wconf 91' lang='lat' dir='ltr'>et</span> <span class='ocrx_word' id='word_1_43' title='bbox 1216 1041 1296 1114; x_wconf 82' lang='lat' dir='ltr'>ages</span> 
     </span>
     <span class='ocr_line' id='line_1_7' title="bbox 231 1139 1295 1241; baseline -0.003 -24"><span class='ocrx_word' id='word_1_44' title='bbox 231 1147 233 1151; x_wconf 75' lang='grc'><strong>’</strong></span> <span class='ocrx_word' id='word_1_45' title='bbox 292 1146 407 1217; x_wconf 90' lang='lat' dir='ltr'>victor</span> <span class='ocrx_word' id='word_1_46' title='bbox 432 1169 474 1215; x_wconf 89' lang='lat' dir='ltr'>ex</span> <span class='ocrx_word' id='word_1_47' title='bbox 498 1144 720 1216; x_wconf 90' lang='lat' dir='ltr'>inimicorum</span> <span class='ocrx_word' id='word_1_48' title='bbox 745 1139 866 1214; x_wconf 91' lang='lat' dir='ltr'>dolore</span> <span class='ocrx_word' id='word_1_49' title='bbox 900 1140 1117 1241; x_wconf 90' lang='lat' dir='ltr'>triumphum</span> <span class='ocrx_word' id='word_1_50' title='bbox 1149 1141 1295 1215; x_wconf 89' lang='lat' dir='ltr'>iustissi-</span> 
     </span>
     <span class='ocr_line' id='line_1_8' title="bbox 292 1266 1294 1368; baseline -0.003 -25"><span class='ocrx_word' id='word_1_51' title='bbox 292 1296 400 1343; x_wconf 91' lang='lat' dir='ltr'>mum.</span> <span class='ocrx_word' id='word_1_52' title='bbox 424 1273 502 1367; x_wconf 84' lang='lat' dir='ltr'>Ego</span> <span class='ocrx_word' id='word_1_53' title='bbox 528 1270 620 1340; x_wconf 88' lang='lat' dir='ltr'>enim</span> <span class='ocrx_word' id='word_1_54' title='bbox 646 1266 750 1366; x_wconf 89' lang='lat' dir='ltr'>plane</span> <span class='ocrx_word' id='word_1_55' title='bbox 774 1266 878 1339; x_wconf 88' lang='lat' dir='ltr'>video</span> <span class='ocrx_word' id='word_1_56' title='bbox 903 1266 978 1340; x_wconf 87' lang='lat' dir='ltr'>sore</span> <span class='ocrx_word' id='word_1_57' title='bbox 1003 1267 1135 1366; x_wconf 89' lang='lat' dir='ltr'>nervis,</span> <span class='ocrx_word' id='word_1_58' title='bbox 1152 1267 1294 1368; x_wconf 90' lang='lat' dir='ltr'>opibus,</span> 
     </span>
     <span class='ocr_line' id='line_1_9' title="bbox 293 1393 1292 1498; baseline -0.002 -30"><span class='ocrx_word' id='word_1_59' title='bbox 293 1396 464 1498; x_wconf 80' lang='lat' dir='ltr'><strong>sapientia</strong></span> <span class='ocrx_word' id='word_1_60' title='bbox 490 1410 549 1468; x_wconf 89' lang='lat' dir='ltr'>tua</span> <span class='ocrx_word' id='word_1_61' title='bbox 567 1396 593 1493; x_wconf 80' lang='lat'>⁵,</span> <span class='ocrx_word' id='word_1_62' title='bbox 617 1394 842 1468; x_wconf 88' lang='lat' dir='ltr'>vehementer</span> <span class='ocrx_word' id='word_1_63' title='bbox 858 1407 899 1465; x_wconf 93' lang='lat' dir='ltr'>ut</span> <span class='ocrx_word' id='word_1_64' title='bbox 923 1393 1091 1466; x_wconf 89' lang='lat' dir='ltr'>inimicos.</span> <span class='ocrx_word' id='word_1_65' title='bbox 1110 1406 1192 1467; x_wconf 92' lang='lat' dir='ltr'>tuos</span> <span class='ocrx_word' id='word_1_66' title='bbox 1210 1419 1292 1494; x_wconf 90' lang='lat' dir='ltr'>poe-</span> 
     </span>
     <span class='ocr_line' id='line_1_10' title="bbox 291 1518 1294 1622; baseline -0.002 -28"><span class='ocrx_word' id='word_1_67' title='bbox 291 1524 404 1595; x_wconf 91' lang='lat' dir='ltr'>niteat</span> <span class='ocrx_word' id='word_1_68' title='bbox 427 1521 715 1622; x_wconf 82' lang='lat' dir='ltr'>intemperantiae</span> <span class='ocrx_word' id='word_1_69' title='bbox 741 1544 833 1592; x_wconf 90' lang='lat' dir='ltr'>suae.</span> <span class='ocrx_word' id='word_1_70' title='bbox 859 1521 983 1594; x_wconf 89' lang='lat' dir='ltr'>Deme</span> <span class='ocrx_word' id='word_1_71' title='bbox 1001 1518 1148 1618; x_wconf 88' lang='lat' dir='ltr'>tibisic,</span> <span class='ocrx_word' id='word_1_72' title='bbox 1172 1533 1294 1592; x_wconf 91' lang='lat' dir='ltr'>conte·</span> 
     </span>
     <span class='ocr_line' id='line_1_11' title="bbox 292 1645 1293 1747; baseline -0.002 -27"><span class='ocrx_word' id='word_1_73' title='bbox 292 1651 415 1721; x_wconf 84' lang='lat' dir='ltr'>stans6</span> <span class='ocrx_word' id='word_1_74' title='bbox 433 1673 554 1720; x_wconf 92' lang='lat' dir='ltr'>omnes</span> <span class='ocrx_word' id='word_1_75' title='bbox 580 1645 683 1744; x_wconf 90' lang='lat' dir='ltr'>deos,</span> <span class='ocrx_word' id='word_1_76' title='bbox 709 1646 878 1747; x_wconf 78' lang='lat' dir='ltr'>promitto</span> <span class='ocrx_word' id='word_1_77' title='bbox 896 1657 1002 1746; x_wconf 88' lang='lat' dir='ltr'>atque</span> <span class='ocrx_word' id='word_1_78' title='bbox 1026 1645 1222 1744; x_wconf 88' lang='lat' dir='ltr'>confirmo,</span> <span class='ocrx_word' id='word_1_79' title='bbox 1238 1670 1293 1718; x_wconf 89' lang='lat' dir='ltr'>me</span> 
     </span>
     <span class='ocr_line' id='line_1_12' title="bbox 292 1770 1294 1874; baseline -0.004 -27"><span class='ocrx_word' id='word_1_80' title='bbox 292 1800 359 1874; x_wconf 94' lang='lat' dir='ltr'>pro</span> <span class='ocrx_word' id='word_1_81' title='bbox 387 1787 446 1846; x_wconf 86' lang='lat' dir='ltr'>tua</span> <span class='ocrx_word' id='word_1_82' title='bbox 473 1772 642 1871; x_wconf 84' lang='lat' dir='ltr'>dignitate</span> <span class='ocrx_word' id='word_1_83' title='bbox 670 1773 737 1860; x_wconf 87' lang='lat' dir='ltr'>(sic</span> <span class='ocrx_word' id='word_1_84' title='bbox 763 1773 855 1844; x_wconf 90' lang='lat' dir='ltr'>enim</span> <span class='ocrx_word' id='word_1_85' title='bbox 880 1770 1006 1844; x_wconf 85' lang='lat' dir='ltr'>malot</span> <span class='ocrx_word' id='word_1_86' title='bbox 1035 1770 1167 1871; x_wconf 88' lang='lat' dir='ltr'>dicere,</span> <span class='ocrx_word' id='word_1_87' title='bbox 1184 1790 1294 1873; x_wconf 76' lang='lat' dir='ltr'>‘quam</span> 
     </span>
     <span class='ocr_line' id='line_1_13' title="bbox 292 1886 1296 2008; baseline -0.004 -36"><span class='ocrx_word' id='word_1_88' title='bbox 292 1925 358 2000; x_wconf 91' lang='lat' dir='ltr'>pro</span> <span class='ocrx_word' id='word_1_89' title='bbox 386 1897 537 1998; x_wconf 87' lang='lat' dir='ltr'>salute),</span> <span class='ocrx_word' id='word_1_90' title='bbox 562 1900 599 1971; x_wconf 91' lang='lat' dir='ltr'>in</span> <span class='ocrx_word' id='word_1_91' title='bbox 624 1898 691 2008; x_wconf 85' lang='lat' dir='ltr'>hac</span> <span class='ocrx_word' id='word_1_92' title='bbox 719 1886 920 1999; x_wconf 86' lang='lat' dir='ltr'>provincia,</span> <span class='ocrx_word' id='word_1_93' title='bbox 945 1898 1001 1970; x_wconf 89' lang='lat' dir='ltr'>eui</span> <span class='ocrx_word' id='word_1_94' title='bbox 1036 1911 1073 1970; x_wconf 93' lang='lat' dir='ltr'>tu</span> <span class='ocrx_word' id='word_1_95' title='bbox 1099 1897 1296 1996; x_wconf 80' lang='lat' dir='ltr'>praefuisti,</span> 
     </span>
     <span class='ocr_line' id='line_1_14' title="bbox 291 2023 1295 2125; baseline 0.001 -28"><span class='ocrx_word' id='word_1_96' title='bbox 291 2025 449 2123; x_wconf 84' lang='lat' dir='ltr'>rogando</span> <span class='ocrx_word' id='word_1_97' title='bbox 467 2024 721 2125; x_wconf 89' lang='lat' dir='ltr'>deprecatoris,</span> <span class='ocrx_word' id='word_1_98' title='bbox 737 2023 931 2097; x_wconf 87' lang='lat' dir='ltr'>laborando</span> <span class='ocrx_word' id='word_1_99' title='bbox 947 2025 1160 2125; x_wconf 91' lang='lat' dir='ltr'>propinqui,</span> <span class='ocrx_word' id='word_1_100' title='bbox 1177 2039 1295 2098; x_wconf 87' lang='lat' dir='ltr'>aucto-</span> 
     </span>
     <span class='ocr_line' id='line_1_15' title="bbox 290 2150 1296 2250; baseline -0.001 -27"><span class='ocrx_word' id='word_1_101' title='bbox 290 2152 393 2223; x_wconf 90' lang='lat' dir='ltr'>ritate</span> <span class='ocrx_word' id='word_1_102' title='bbox 420 2153 490 2224; x_wconf 84' lang='lat' dir='ltr'>cari</span> <span class='ocrx_word' id='word_1_103' title='bbox 514 2150 667 2224; x_wconf 90' lang='lat' dir='ltr'>hominis</span> <span class='ocrx_word' id='word_1_104' title='bbox 694 2159 751 2240; x_wconf 88' lang='lat' dir='ltr'>(ut</span> <span class='ocrx_word' id='word_1_105' title='bbox 767 2162 891 2250; x_wconf 90' lang='lat' dir='ltr'>spero)</span> <span class='ocrx_word' id='word_1_106' title='bbox 909 2151 1004 2250; x_wconf 89' lang='lat' dir='ltr'>apud</span> <span class='ocrx_word' id='word_1_107' title='bbox 1022 2151 1200 2250; x_wconf 84' lang='lat' dir='ltr'>civitates,</span> <span class='ocrx_word' id='word_1_108' title='bbox 1219 2176 1296 2249; x_wconf 83' lang='lat' dir='ltr'>gra·</span> 
     </span>
     <span class='ocr_line' id='line_1_16' title="bbox 293 2277 1295 2379; baseline 0.001 -29"><span class='ocrx_word' id='word_1_109' title='bbox 293 2278 402 2350; x_wconf 82' lang='lat' dir='ltr'>vitate</span> <span class='ocrx_word' id='word_1_110' title='bbox 427 2278 648 2376; x_wconf 91' lang='lat' dir='ltr'>imperatoris</span> <span class='ocrx_word' id='word_1_111' title='bbox 674 2292 917 2378; x_wconf 91' lang='lat' dir='ltr'>suscepturum</span> <span class='ocrx_word' id='word_1_112' title='bbox 943 2277 1056 2352; x_wconf 87' lang='lat' dir='ltr'>officia</span> <span class='ocrx_word' id='word_1_113' title='bbox 1083 2291 1190 2379; x_wconf 90' lang='lat' dir='ltr'>atque</span> <span class='ocrx_word' id='word_1_114' title='bbox 1216 2305 1295 2379; x_wconf 87' lang='lat' dir='ltr'>par-</span> 
     </span>
     <span class='ocr_line' id='line_1_17' title="bbox 294 2382 1295 2505; baseline 0.003 -32"><span class='ocrx_word' id='word_1_115' title='bbox 294 2415 348 2473; x_wconf 86' lang='lat' dir='ltr'>tes</span> <span class='ocrx_word' id='word_1_116' title='bbox 366 2403 390 2474; x_wconf 79' lang='lat'>⁸.</span> <span class='ocrx_word' id='word_1_117' title='bbox 417 2401 545 2476; x_wconf 88' lang='lat' dir='ltr'>Omnia</span> <span class='ocrx_word' id='word_1_118' title='bbox 570 2402 652 2477; x_wconf 89' lang='lat' dir='ltr'>volo</span> <span class='ocrx_word' id='word_1_119' title='bbox 671 2430 690 2476; x_wconf 92' lang='lat' dir='ltr'>a</span> <span class='ocrx_word' id='word_1_120' title='bbox 708 2430 764 2476; x_wconf 93' lang='lat' dir='ltr'>me</span> <span class='ocrx_word' id='word_1_121' title='bbox 790 2419 826 2476; x_wconf 90' lang='lat' dir='ltr'>et</span> <span class='ocrx_word' id='word_1_122' title='bbox 850 2404 1024 2503; x_wconf 79' lang='lat' dir='ltr'>postules,</span> <span class='ocrx_word' id='word_1_123' title='bbox 1044 2417 1080 2477; x_wconf 92' lang='lat' dir='ltr'>et</span> <span class='ocrx_word' id='word_1_124' title='bbox 1097 2382 1295 2505; x_wconf 87' lang='lat' dir='ltr'>exspectes:</span> 
     </span>
     <span class='ocr_line' id='line_1_18' title="bbox 291 2529 1054 2628; baseline 0 -26"><span class='ocrx_word' id='word_1_125' title='bbox 291 2529 431 2602; x_wconf 86' lang='lat' dir='ltr'>vincam</span> <span class='ocrx_word' id='word_1_126' title='bbox 455 2530 541 2602; x_wconf 90' lang='lat' dir='ltr'>meis</span> <span class='ocrx_word' id='word_1_127' title='bbox 567 2530 688 2603; x_wconf 90' lang='lat' dir='ltr'>officiis</span> <span class='ocrx_word' id='word_1_128' title='bbox 715 2532 943 2628; x_wconf 84' lang='lat' dir='ltr'>cogitationes</span> <span class='ocrx_word' id='word_1_129' title='bbox 969 2546 1054 2603; x_wconf 89' lang='lat' dir='ltr'>tuas.</span> 
     </span>
    </p>

    <p class='ocr_par' dir='ltr' id='par_1_3' title="bbox 288 2655 1293 4022">
     <span class='ocr_line' id='line_1_19' title="bbox 341 2655 1289 2756; baseline 0 -28"><span class='ocrx_word' id='word_1_130' title='bbox 341 2685 362 2728; x_wconf 83' lang='lat'>2</span> <span class='ocrx_word' id='word_1_131' title='bbox 390 2657 434 2747; x_wconf 89' lang='lat' dir='ltr'>Q.</span> <span class='ocrx_word' id='word_1_132' title='bbox 460 2655 624 2729; x_wconf 87' lang='lat' dir='ltr'>Servilius</span> <span class='ocrx_word' id='word_1_133' title='bbox 649 2655 838 2756; x_wconf 82' lang='lat' dir='ltr'>perbreves</span> <span class='ocrx_word' id='word_1_134' title='bbox 863 2656 949 2728; x_wconf 91' lang='lat' dir='ltr'>mihi</span> <span class='ocrx_word' id='word_1_135' title='bbox 975 2683 995 2729; x_wconf 91' lang='lat' dir='ltr'>a</span> <span class='ocrx_word' id='word_1_136' title='bbox 1021 2670 1055 2727; x_wconf 92' lang='lat' dir='ltr'>te</span> <span class='ocrx_word' id='word_1_137' title='bbox 1081 2656 1202 2730; x_wconf 90' lang='lat' dir='ltr'>literas</span> <span class='ocrx_word' id='word_1_138' title='bbox 1219 2657 1289 2730; x_wconf 91' lang='lat' dir='ltr'>red·</span> 
     </span>
     <span class='ocr_line' id='line_1_20' title="bbox 292 2779 1285 2883; baseline 0 -32"><span class='ocrx_word' id='word_1_139' title='bbox 292 2779 399 2879; x_wconf 80' lang='lat' dir='ltr'>didit,</span> <span class='ocrx_word' id='word_1_140' title='bbox 426 2807 515 2883; x_wconf 89' lang='lat' dir='ltr'>quae</span> <span class='ocrx_word' id='word_1_141' title='bbox 539 2782 627 2855; x_wconf 84' lang='lat' dir='ltr'>milri</span> <span class='ocrx_word' id='word_1_142' title='bbox 652 2797 769 2855; x_wconf 89' lang='lat' dir='ltr'>tamen</span> <span class='ocrx_word' id='word_1_143' title='bbox 794 2783 898 2854; x_wconf 84' lang='lat' dir='ltr'>nimis</span> <span class='ocrx_word' id='word_1_144' title='bbox 915 2780 1071 2880; x_wconf 81' lang='lat' dir='ltr'>longae9</span> <span class='ocrx_word' id='word_1_145' title='bbox 1088 2784 1187 2855; x_wconf 86' lang='lat' dir='ltr'>visae</span> <span class='ocrx_word' id='word_1_146' title='bbox 1204 2796 1285 2856; x_wconf 85' lang='lat' dir='ltr'>sunt.</span> 
     </span>
     <span class='ocr_line' id='line_1_21' title="bbox 290 2906 1284 3010; baseline 0.001 -32"><span class='ocrx_word' id='word_1_147' title='bbox 290 2906 459 2980; x_wconf 88' lang='lat' dir='ltr'>Iniuriam</span> <span class='ocrx_word' id='word_1_148' title='bbox 484 2909 577 2979; x_wconf 90' lang='lat' dir='ltr'>enim</span> <span class='ocrx_word' id='word_1_149' title='bbox 602 2908 688 2980; x_wconf 90' lang='lat' dir='ltr'>mihi</span> <span class='ocrx_word' id='word_1_150' title='bbox 721 2911 795 2981; x_wconf 91' lang='lat' dir='ltr'>fieri</span> <span class='ocrx_word' id='word_1_151' title='bbox 828 2908 1017 3008; x_wconf 87' lang='lat' dir='ltr'>putabam,</span> <span class='ocrx_word' id='word_1_152' title='bbox 1050 2936 1161 3010; x_wconf 88' lang='lat' dir='ltr'>quum</span> <span class='ocrx_word' id='word_1_153' title='bbox 1193 2937 1284 3008; x_wconf 84' lang='lat' dir='ltr'>roga·</span> 
     </span>
     <span class='ocr_line' id='line_1_22' title="bbox 290 3029 1282 3137; baseline 0.004 -36"><span class='ocrx_word' id='word_1_154' title='bbox 290 3029 412 3102; x_wconf 81' lang='lat' dir='ltr'>bar10.</span> <span class='ocrx_word' id='word_1_155' title='bbox 437 3031 575 3106; x_wconf 87' lang='lat' dir='ltr'>Nollem</span> <span class='ocrx_word' id='word_1_156' title='bbox 602 3035 785 3109; x_wconf 88' lang='lat' dir='ltr'>accidisset</span> <span class='ocrx_word' id='word_1_157' title='bbox 811 3050 968 3135; x_wconf 91' lang='lat' dir='ltr'>tempus,</span> <span class='ocrx_word' id='word_1_158' title='bbox 991 3036 1030 3107; x_wconf 91' lang='lat' dir='ltr'>in</span> <span class='ocrx_word' id='word_1_159' title='bbox 1054 3062 1126 3137; x_wconf 89' lang='lat' dir='ltr'>quo</span> <span class='ocrx_word' id='word_1_160' title='bbox 1156 3036 1282 3135; x_wconf 89' lang='lat' dir='ltr'>perspi·</span> 
     </span>
     <span class='ocr_line' id='line_1_23' title="bbox 291 3145 1282 3265; baseline 0.004 -38"><span class='ocrx_word' id='word_1_161' title='bbox 291 3145 370 3228; x_wconf 86' lang='lat' dir='ltr'>cere</span> <span class='ocrx_word' id='word_1_162' title='bbox 395 3184 529 3257; x_wconf 89' lang='lat' dir='ltr'>posses,</span> <span class='ocrx_word' id='word_1_163' title='bbox 555 3162 677 3263; x_wconf 91' lang='lat' dir='ltr'>quanti</span> <span class='ocrx_word' id='word_1_164' title='bbox 702 3176 753 3261; x_wconf 89' lang='lat' dir='ltr'>te,</span> <span class='ocrx_word' id='word_1_165' title='bbox 778 3164 899 3265; x_wconf 84' lang='lat' dir='ltr'>quanti</span> <span class='ocrx_word' id='word_1_166' title='bbox 933 3162 1162 3261; x_wconf 90' lang='lat' dir='ltr'>Pompeium,</span> <span class='ocrx_word' id='word_1_167' title='bbox 1190 3187 1282 3263; x_wconf 89' lang='lat' dir='ltr'>quem</span> 
     </span>
     <span class='ocr_line' id='line_1_24' title="bbox 290 3287 1283 3389; baseline 0.005 -36"><span class='ocrx_word' id='word_1_168' title='bbox 290 3308 400 3355; x_wconf 90' lang='lat' dir='ltr'>unum</span> <span class='ocrx_word' id='word_1_169' title='bbox 426 3310 469 3358; x_wconf 86' lang='lat' dir='ltr'>ex</span> <span class='ocrx_word' id='word_1_170' title='bbox 486 3287 648 3360; x_wconf 89' lang='lat' dir='ltr'>omnibus</span> <span class='ocrx_word' id='word_1_171' title='bbox 667 3288 772 3388; x_wconf 84' lang='lat' dir='ltr'>facio,</span> <span class='ocrx_word' id='word_1_172' title='bbox 789 3304 829 3360; x_wconf 89' lang='lat' dir='ltr'>ut</span> <span class='ocrx_word' id='word_1_173' title='bbox 847 3287 977 3387; x_wconf 89' lang='lat' dir='ltr'>debeo,</span> <span class='ocrx_word' id='word_1_174' title='bbox 994 3287 1153 3388; x_wconf 89' lang='lat' dir='ltr'>plurimi,</span> <span class='ocrx_word' id='word_1_175' title='bbox 1171 3288 1283 3389; x_wconf 88' lang='lat' dir='ltr'>quanti</span> 
     </span>
     <span class='ocr_line' id='line_1_25' title="bbox 288 3407 1285 3516; baseline 0.006 -37"><span class='ocrx_word' id='word_1_176' title='bbox 288 3407 437 3481; x_wconf 90' lang='lat' dir='ltr'>Brutum</span> <span class='ocrx_word' id='word_1_177' title='bbox 454 3408 617 3485; x_wconf 82' lang='lat' dir='ltr'>facerem:</span> <span class='ocrx_word' id='word_1_178' title='bbox 635 3441 846 3515; x_wconf 84' lang='lat' dir='ltr'>quamquam</span> <span class='ocrx_word' id='word_1_179' title='bbox 871 3415 909 3485; x_wconf 89' lang='lat' dir='ltr'>in</span> <span class='ocrx_word' id='word_1_180' title='bbox 935 3413 1191 3506; x_wconf 78' lang='lat' dir='ltr'>consuetudine</span> <span class='ocrx_word' id='word_1_181' title='bbox 1209 3439 1285 3516; x_wconf 86' lang='lat' dir='ltr'>quo·</span> 
     </span>
     <span class='ocr_line' id='line_1_26' title="bbox 290 3532 1285 3644; baseline 0.011 -40"><span class='ocrx_word' id='word_1_182' title='bbox 290 3532 421 3607; x_wconf 88' lang='lat' dir='ltr'>tidiana</span> <span class='ocrx_word' id='word_1_183' title='bbox 446 3539 701 3637; x_wconf 83' lang='lat' dir='ltr'>perspexisses,</span> <span class='ocrx_word' id='word_1_184' title='bbox 734 3542 824 3612; x_wconf 89' lang='lat' dir='ltr'>sicut</span> <span class='ocrx_word' id='word_1_185' title='bbox 855 3541 1067 3640; x_wconf 77' lang='lat' dir='ltr'>perspicies:</span> <span class='ocrx_word' id='word_1_186' title='bbox 1097 3541 1178 3641; x_wconf 91' lang='lat' dir='ltr'>sed,</span> <span class='ocrx_word' id='word_1_187' title='bbox 1206 3567 1285 3644; x_wconf 90' lang='lat' dir='ltr'>quo·</span> 
     </span>
     <span class='ocr_line' id='line_1_27' title="bbox 289 3659 1290 3770; baseline 0.013 -40"><span class='ocrx_word' id='word_1_188' title='bbox 289 3659 384 3731; x_wconf 89' lang='lat' dir='ltr'>niam</span> <span class='ocrx_word' id='word_1_189' title='bbox 416 3661 559 3762; x_wconf 87' lang='lat' dir='ltr'>accidit,</span> <span class='ocrx_word' id='word_1_190' title='bbox 584 3665 612 3736; x_wconf 89' lang='lat' dir='ltr'>si</span> <span class='ocrx_word' id='word_1_191' title='bbox 639 3664 768 3765; x_wconf 91' lang='lat' dir='ltr'>quida</span> <span class='ocrx_word' id='word_1_192' title='bbox 795 3692 850 3738; x_wconf 90' lang='lat' dir='ltr'>me</span> <span class='ocrx_word' id='word_1_193' title='bbox 884 3667 1168 3765; x_wconf 88' lang='lat' dir='ltr'>praetermissum</span> <span class='ocrx_word' id='word_1_194' title='bbox 1205 3671 1290 3770; x_wconf 88' lang='lat' dir='ltr'>erit,</span> 
     </span>
     <span class='ocr_line' id='line_1_28' title="bbox 289 3786 1292 3889; baseline 0.013 -34"><span class='ocrx_word' id='word_1_195' title='bbox 289 3786 513 3859; x_wconf 90' lang='lat' dir='ltr'>commissum</span> <span class='ocrx_word' id='word_1_196' title='bbox 538 3789 689 3889; x_wconf 81' lang='lat' dir='ltr'>facinus,</span> <span class='ocrx_word' id='word_1_197' title='bbox 714 3807 750 3864; x_wconf 94' lang='lat' dir='ltr'>et</span> <span class='ocrx_word' id='word_1_198' title='bbox 775 3791 967 3865; x_wconf 90' lang='lat' dir='ltr'>admissum</span> <span class='ocrx_word' id='word_1_199' title='bbox 994 3791 1146 3866; x_wconf 89' lang='lat' dir='ltr'>dedecus</span> <span class='ocrx_word' id='word_1_200' title='bbox 1183 3797 1292 3870; x_wconf 88' lang='lat' dir='ltr'>confi·</span> 
     </span>
     <span class='ocr_line' id='line_1_29' title="bbox 289 3909 1293 4022; baseline 0.016 -43"><span class='ocrx_word' id='word_1_201' title='bbox 289 3909 398 3985; x_wconf 92' lang='lat' dir='ltr'>tebor.</span> <span class='ocrx_word' id='word_1_202' title='bbox 422 3913 620 3989; x_wconf 90' lang='lat' dir='ltr'>Pomtinius</span> <span class='ocrx_word' id='word_1_203' title='bbox 649 3935 695 4017; x_wconf 84' lang='lat'>¹¹,</span> <span class='ocrx_word' id='word_1_204' title='bbox 719 3919 780 4020; x_wconf 92' lang='lat' dir='ltr'>qui</span> <span class='ocrx_word' id='word_1_205' title='bbox 807 3945 826 3992; x_wconf 90' lang='lat' dir='ltr'>a</span> <span class='ocrx_word' id='word_1_206' title='bbox 852 3933 888 3992; x_wconf 91' lang='lat' dir='ltr'>te</span> <span class='ocrx_word' id='word_1_207' title='bbox 912 3934 1081 3994; x_wconf 87' lang='lat' dir='ltr'>tractatus</span> <span class='ocrx_word' id='word_1_208' title='bbox 1112 3934 1166 3994; x_wconf 91' lang='lat' dir='ltr'>est</span> <span class='ocrx_word' id='word_1_209' title='bbox 1192 3949 1293 4022; x_wconf 90' lang='lat' dir='ltr'>prae-</span> 
     </span>
    </p>
   </div>
   <div class='ocr_carea' id='block_1_3' title="bbox 0 0 1318 4854">
    <p class='ocr_par' dir='ltr' id='par_1_4' title="bbox 0 0 1318 4854">
     <span class='ocr_line' id='line_1_30' title="bbox 0 0 1318 4854; baseline 0 1"><span class='ocrx_word' id='word_1_210' title='bbox 0 0 1318 4854; x_wconf 95' lang='lat' dir='ltr'> </span> 
     </span>
    </p>
   </div>
  </div>
 </body>
</html>
