2626 4854
445 346 481 394 ru
508 339 698 392 amsroms
1000 322 1073 423 329

65 471 100 510 21
126 447 247 509 Scilicet
264 445 410 507 affinitate
430 444 483 506 illa
497 465 567 506 cum
581 442 753 517 Dolabella,
768 443 859 528 Appii
881 445 892 525 (
900 465 991 526 quem
1005 467 1073 508 ma·
1157 512 1159 519 ,

105 559 184 617 xime
205 553 388 616 observabat
408 553 571 632 Servilius)
593 563 776 614 accusatore.
803 552 945 626 Maiora,
966 574 1005 615 sc.
1026 554 1073 616 of-

104 663 176 724 ficia
197 665 229 723 in
250 663 393 745 Appium.
417 660 582 721 Solonius.

64 793 103 832 aa
125 772 176 832 Sic
195 770 295 853 placet
316 790 385 829 cum
412 766 630 829 recentioribus
651 766 769 848 legere,
803 768 876 849 quia
902 768 944 827 sic
969 777 1015 829 est
1039 767 1072 828 in

103 889 182 938 msto
203 876 287 959 apud
299 876 489 948 Ernestium,
511 886 542 935 et
562 876 594 934 in
608 873 657 936 ed.
670 872 796 946 Lamb,
816 884 846 934 et
858 872 936 935 bene
950 894 1073 956 respon·

103 985 154 1046 det
174 981 381 1066 superioribus
402 994 482 1046 vetus
501 993 602 1044 nostra
622 982 764 1042 simultas.
786 980 891 1064 Vulgo
912 1001 1024 1043 novum.

470 1196 664 1261 CCLXXVI.

66 1409 295 1487 1Dolabellae3
324 1409 384 1473 vid.
411 1410 553 1494 epistolas
584 1432 686 1494 super.
708 1431 741 1485 2,
768 1411 971 1486 CCLXXlll,
996 1433 1013 1474 a
1040 1422 1070 1474 et

101 1519 289 1592 CCLXXII,
313 1540 337 1579 1.

62 1647 79 1687 n
100 1627 192 1689 Recte
213 1626 244 1687 id
265 1623 473 1707 augurabatur
486 1627 610 1687 Atticus.
631 1626 708 1685 Nam
721 1625 884 1687 Dolabella
904 1648 974 1687 oum
988 1627 1067 1688 mul·

99 1734 137 1795 tis
170 1732 312 1796 laudibus
343 1733 440 1793 multa
473 1734 548 1794 vitia
587 1729 810 1814 coniungebat,
840 1744 871 1794 et
901 1731 940 1793 ad
972 1744 1068 1795 extre-

98 1862 185 1901 mum
206 1843 293 1901 uxori
321 1842 462 1902 nuntium
491 1841 615 1902 remisit.
644 1838 758 1902 Recole
779 1860 847 1923 epp.
868 1851 1068 1913 memoratas,

98 1961 129 2010 et
150 1947 310 2019 CCXLll,
330 1968 357 2008 2.

60 2057 78 2116 3
98 2057 147 2117 De
167 2055 289 2118 Tulliae
310 2056 462 2137 coniugio.
483 2055 526 2117 Et
545 2056 629 2116 Nero
646 2053 698 2116 hio
718 2065 779 2128 est,
798 2057 923 2139 opinor,
947 2054 985 2117 de
1006 2076 1068 2138 quo

97 2185 147 2244 ep.
162 2162 351 2237 CCXXXV,
365 2165 416 2245 qni
432 2162 547 2224 Tiberii
560 2163 753 2246 imperatoris
767 2174 855 2246 pater
868 2163 936 2224 fuit.
947 2161 1067 2223 Manat.

59 2267 312 2353 dMetaphoriee
346 2271 474 2346 scilicet,
504 2270 649 2354 indagare
681 2273 753 2332 vitia
773 2267 959 2333 Dolabellae.
987 2267 1067 2334 Vide

96 2377 162 2440 tud.
182 2379 288 2440 Graec.
1044 2372 1045 2377 ¹

57 2484 78 2545 5
99 2471 295 2547 Frumentum
321 2487 352 2547 in
374 2486 521 2569 populum
546 2485 752 2549 distribuisti?
785 2488 857 2549 Mox
882 2488 985 2569 placet
1011 2487 1067 2548 boe

97 2594 169 2654 tibi?
196 2590 257 2652 hoo
278 2604 336 2665 est‚·
362 2592 477 2676 probas
502 2605 536 2655 tu
565 2593 740 2655 huiusmodi
768 2595 956 2676 largitiones,
987 2614 1066 2675 quae

97 2698 212 2781 Spurio
233 2698 344 2760 Maelio
358 2703 447 2760 exitio
462 2700 606 2772 fuerunt,
628 2721 724 2782 quum
737 2720 793 2782 per
806 2698 1065 2782 eas'tyrannidem

97 2805 240 2867 affectare
272 2809 351 2868 visus
382 2808 450 2867 est‘l
485 2809 619 2867 Atticum
649 2807 800 2867 frumento
821 2806 948 2868 donasse
967 2805 1063 2867 Athe·
1174 2797 1176 2803 ¹

93 2914 214 2974 aienses
246 2912 379 2974 affirmat
409 2924 440 2975 et
465 2913 534 2974 Cor.
567 2916 667 2997 Nepos
700 2916 733 2974 in
761 2915 822 2976 Ast.
844 2935 878 2988 ας
909 2913 962 2975 sed
989 2912 1065 2975 illud

95 3011 286 3096 temporibus
318 3012 448 3074 Sullanis
476 3013 591 3074 factum
617 3013 690 3085 fuit,
718 3011 779 3075 hoo
804 3024 905 3075 autem
927 3024 1065 3095 tempore

94 3121 207 3182 iterum
229 3119 330 3182 fecisse
350 3123 484 3182 Atticum
506 3121 603 3184 credit
624 3120 788 3205 Corradus.

54 3224 76 3288 6
96 3227 145 3288 De
165 3249 199 3288 re
220 3225 304 3310 publ.
617 3223 621 3227 ⁴

50 3334 168 3415 7Nam
196 3333 390 3396 Athenienses
418 3336 540 3433 potius,
574 3356 668 3419 quam
696 3339 795 3408 nives,
825 3335 944 3397 dicendi
978 3341 1064 3396 erant

90 3441 227 3526 hospites
240 3445 340 3521 Attici3
353 3443 514 3507 liberalitas
528 3465 600 3506 vero
615 3446 647 3504 in
660 3442 794 3528 hospites
809 3443 849 3504 ad
869 3442 1062 3525 tyrannidem

91 3560 230 3633 spectare
249 3571 312 3612 non
331 3562 440 3634 potest.

43 3656 67 3719 8
92 3656 127 3720 V
124 3658 264 3730 esdbulo,
285 3659 396 3720 scilicet
415 3658 612 3720 aedificando.
627 3659 698 3719 Vid.
713 3679 761 3741 ep.
777 3657 902 3730 CCLll,
923 3658 970 3717 23.
984 3655 1061 3716 Edd.

86 3763 158 3826 Atdi
181 3776 212 3825 et
231 3765 338 3826 Lamb.
360 3765 533 3843 προπυλαίῳς
554 3767 643 3828 video
655 3777 820 3848 utrumque
834 3765 906 3840 diei3
927 3774 1061 3824 attamen

88 3871 214 3934 inflexio
235 3873 343 3946 latina,
364 3874 472 3955 gallica
492 3885 523 3936 et
541 3886 661 3948 nostra,
687 3885 718 3936 et
737 3875 822 3938 locus
846 3871 990 3957 epistolae
1010 3875 1060 3935 cit.

85 3981 151 4042 hoc
172 3982 290 4065 potius,
310 4002 403 4064 quam
427 3980 516 4056 illud,
537 3980 721 4068 praedicant.
