2678 4860
174 327 228 403 3⁰
512 345 684 395 uarsroua
711 350 812 398 ectu.
955 341 985 390 Α.
1004 347 1036 391 v.
1056 348 1084 392 c.
1105 346 1152 407 7⁰³

225 453 277 546 td.
301 451 356 522 De
388 435 503 521 statua
532 431 689 521 Africani
719 459 772 537 (ὤ
804 455 987 544 πραγμάτων
1020 451 1177 542 ἀσυγκλώ-

169 607 248 647 στωο
263 579 311 650 ⁸7!
338 575 401 648 sed
427 601 482 649 me
504 572 541 646 id
557 576 674 674 ipsum
693 574 879 648 delectavit
895 575 932 647 in
950 576 1019 647 tuis
1035 574 1178 675 literis),

168 701 233 776 ain’
253 701 316 775 tul
341 702 459 800 Scipio
477 702 509 752 ⁸⁸
540 700 600 772 hic
619 699 779 772 Metellus
796 725 969 801 proavum
987 723 1089 773 saum
1114 727 1173 773 ne-

168 830 235 902 scit
261 854 442 902 censorem
468 852 542 899 non
562 825 687 901 fuissel
712 827 818 928 Atqui
832 825 919 899 nihil
935 826 1059 899 habuit
1076 825 1173 901 aliud

72 1016 73 1020 ,
168 955 391 1054 inscriptum,
408 953 602 1049 uisiCOS,
621 980 662 1024 ea
679 966 810 1050 statua,
836 978 924 1056 quae
942 952 987 1024 ad
1005 953 1094 1052 Opis
1114 979 1179 1052 per

171 1096 207 1154 te
232 1081 348 1180 posita
373 1082 412 1154 iu
437 1079 574 1152 excelso
600 1092 661 1153 est.
680 1080 724 1152 In
748 1078 807 1152 illa
823 1085 924 1178 item,
950 1104 1039 1180 quae
1061 1077 1178 1151 estad

170 1207 394 1300 Πολυδεύκους,
424 1205 566 1281 hercule
598 1207 805 1304 inscriptum
829 1219 903 1303 est,
929 1205 1044 1303 COS,
1070 1232 1178 1307 quam

170 1358 246 1405 esse
280 1332 458 1431 eiusdem,
491 1345 624 1430 status,
656 1334 820 1431 amictus,
858 1331 1024 1428 annulus,
1058 1333 1177 1431 imago

168 1459 245 1558 ipsa
272 1457 435 1533 declarat.
463 1460 511 1535 At
535 1457 733 1530 mehercule
760 1485 824 1557 ego
855 1485 963 1559 quum
995 1460 1033 1529 in
1058 1471 1175 1531 turma

168 1588 407 1658 inauratarum
434 1585 664 1689 equestrium,
690 1611 775 1686 quas
800 1585 859 1656 hic
878 1587 911 1654 ⁸9
935 1589 972 1656 in
993 1583 1175 1684 Capitolio

168 1713 303 1813 posuit,
331 1711 657 1785 animadvertissem
683 1712 719 1783 in
745 1711 1083 1785 SERAPIONIS
1096 1712 1176 1785 sub-

168 1839 358 1938 scriptione
383 1839 538 1912 Africani
562 1838 767 1937 imaginem,
793 1851 945 1911 erratum
970 1837 1091 1914 fabrile
1109 1864 1175 1937 pu·

170 1966 260 2064 tavi,
296 1977 393 2038 nunc
419 1965 525 2039 video
554 1964 695 2039 Metelli.
721 1967 753 2037 O
782 1968 993 2060 ἀνιστορηοίοιο
1018 1975 1175 2066 turpem!

167 2092 259 2166 Nam
283 2091 372 2164 illud
398 2089 442 2164 de
468 2091 592 2165 Flavio
627 2106 663 2164 et
693 2092 808 2190 fastis,
844 2093 874 2164 si
906 2117 1005 2164 secus
1038 2104 1093 2166 est
1116 2109 1148 2159 90
1162 2149 1174 2192 ,

169 2228 356 2290 commune
383 2232 536 2290 erratum
562 2232 636 2316 est,
666 2231 703 2290 et
732 2232 771 2289 tu
799 2217 890 2291 belle
922 2226 1097 2314 ἠπόρησας,
1136 2232 1174 2291 et

168 2369 237 2416 nos·
259 2342 436 2442 publicam
463 2370 575 2443 prope
601 2344 806 2443 opinionem
830 2347 941 2418 secuti
966 2371 1104 2444 sumus,
1135 2359 1177 2420 ut

167 2469 278 2543 multa
295 2470 392 2570 apud
408 2471 572 2544 Graecos
586 2470 675 2562 Quis
693 2473 787 2544 enim
803 2498 877 2544 non
895 2471 1000 2570 dixit,
1018 2475 1173 2567 Εὔπολιν,

166 2600 217 2666 τὸν
241 2609 293 2675 τῆς
319 2603 468 2690 ἀρχαίας,
495 2597 539 2670 ab
564 2596 763 2697 Alcibiade,
795 2600 983 2697 navigante
1015 2600 1053 2671 in
1079 2599 1170 2672 sici-

165 2721 262 2826 liam,
287 2723 461 2797 deiectum
488 2750 561 2797 esse
587 2725 625 2800 in
650 2724 767 2800 marel
800 2725 990 2824 Redarguit
1014 2743 1044 2793 9¹
1078 2729 1169 2799 Era·

166 2849 355 2922 tosthenes.
381 2849 505 2924 Adfert
530 2853 642 2951 enim,
668 2878 753 2953 quas
778 2848 836 2924 ille
862 2865 945 2951 post
968 2852 1007 2924 id
1031 2867 1174 2953 tempus

165 2974 299 3049 fabulas
324 2976 492 3051 docuerit.
524 2977 619 3051 Num
652 2979 779 3050 iccirco
813 2981 917 3051 Duris
952 2979 1086 3050 Samius
1122 2996 1174 3062 9²,

165 3101 273 3177 homo
298 3103 336 3174 in
360 3103 505 3177 historia
532 3103 696 3202 diligens,
729 3104 827 3204 quod
860 3132 939 3176 curn
973 3105 1091 3178 multis
1118 3131 1173 3178 er·

166 3229 279 3326 ravit,
315 3229 503 3305 irridetur?
542 3232 628 3321 Quis
659 3230 847 3303 Zaleucum
863 3235 895 3298 9³
921 3231 1014 3330 leges
1045 3233 1170 3305 Locris

165 3354 344 3454 scripsisse
369 3333 444 3428 non
470 3356 574 3432 dixitl
598 3358 693 3432 Num
718 3360 824 3456 igitur
848 3360 940 3432 iacet
963 3358 1170 3458 Theophra·

164 3492 252 3580 stus,
270 3482 299 3554 si
315 3481 354 3554 id
371 3509 390 3554 a
407 3484 573 3584 Timaeo,
598 3500 661 3558 tuo
678 3484 836 3559 familiari
849 3485 899 3584 94,
915 3486 1168 3586 reprehensum

164 3607 235 3682 estl
269 3598 339 3681 Sed
371 3611 522 3709 nescire,
556 3637 729 3711 proavum
762 3640 863 3685 suum
891 3638 1071 3685 censorem
1096 3636 1169 3686 non

120 3770 123 3777 ·
162 3728 284 3831 fuisse,
310 3748 411 3836 turpe
438 3750 514 3836 est,
531 3739 739 3838 praesertim
756 3767 869 3841 quum
882 3754 965 3838 post
982 3765 1061 3811 eum
1080 3766 1166 3813 eon-

161 3858 287 3961 sulem,
314 3888 416 3936 nemo
443 3865 640 3971 Cornelius,
666 3865 726 3939 illo
754 3868 856 3963 vivo,
883 3893 1007 3954 censor
1032 3865 1147 3940 fuerit.
