2626 4854
157 324 228 398 260
518 344 791 396 snuorsmours

196 451 256 510 Sed
278 450 378 511 Varro
403 445 596 519 Terminalia,
616 448 674 518 ait,
694 445 791 519 dicta,
811 444 931 529 quadis
948 444 1014 507 dier
1027 447 1099 506 anni
1109 467 1157 508 ex·

196 571 302 618 tremus
321 554 716 628 coastitutus3duodeci1nm
735 555 813 614 enim
834 554 1016 634 meruissent
1029 555 1156 615 Februa-

195 668 264 727 rius.
285 665 325 726 Ei
346 665 493 726 consentit
514 662 606 723 Ovid.
628 662 710 723 Fast
732 662 777 733 ll,
797 662 853 745 49:

290 844 343 914 Qui
360 843 477 913 sequitur
494 841 602 906 lanum,
620 841 716 895 veteris
733 840 783 892 fuit
801 840 909 892 ultimus
926 841 1008 892 anni:

324 930 365 981 Tu
383 945 488 999 quoquc
505 944 654 992 sacrorum,
672 927 813 993 Termine,
832 926 890 977 finis
907 944 974 978 eras.

195 1102 236 1162 Et
256 1103 362 1161 Cicero
383 1103 430 1161 De
452 1100 523 1182 Leg.
545 1102 590 1172 ll,
612 1121 665 1159 21:
688 1099 751 1159 Sed
770 1120 911 1172 inermem,
931 1097 1039 1170 credo,
1064 1111 1152 1160 exta-

194 1231 275 1269 mum
294 1209 380 1280 anai,
408 1222 440 1269 ut
459 1220 588 1280 veteres,
607 1207 805 1267 Februarium
831 1217 902 1283 etc,
930 1205 1014 1288 quod
1046 1217 1077 1266 et
1096 1207 1152 1266 Ma-

195 1315 277 1375 crob.
299 1317 331 1388 l,
365 1316 399 1375 13
420 1315 500 1375 dicit.
530 1315 615 1396 Ergo
637 1314 720 1397 apud
747 1325 864 1375 veteres
890 1312 1080 1374 Februarius
1100 1313 1151 1374 dies

194 1433 312 1482 tantum
322 1423 426 1483 XXlll
439 1420 581 1482 habebat.
593 1421 793 1483 Postmodum
809 1442 893 1493 vero,
902 1422 1010 1503 primis
1024 1422 1068 1480 rei
1079 1419 1152 1502 publ.

192 1528 399 1612 temporibus,
418 1529 560 1611 regifugii
574 1529 638 1589 dies
651 1529 786 1590 adiectus
800 1539 859 1601 cst,
880 1531 956 1589 etin
976 1529 1151 1588 correctione

193 1634 369 1696 Kalendarii
391 1657 409 1694 a
432 1635 464 1695 C.
493 1636 620 1695 Caesare
642 1634 720 1695 iacta
742 1646 875 1716 quatuor
895 1634 947 1694 alii
969 1634 1034 1695 dies
1055 1635 1151 1695 adiecti

193 1753 281 1814 sunt,
313 1754 344 1803 et
370 1745 479 1803 mensis
501 1742 689 1803 Februarius
709 1742 748 1803 ad
769 1741 888 1803 dierum
908 1743 1048 1804 XXVlll
1070 1746 1150 1803 ratio·

191 1870 279 1921 nem,
300 1860 334 1910 ut
347 1871 427 1909 nunc
442 1861 502 1922 cst,
522 1852 710 1910 constitutus.
732 1846 972 1909 Celebrabantur
986 1860 1089 1909 autem
1102 1850 1150 1911 Vll

192 1956 262 2015 Kal.
277 1957 383 2029 Mart,
403 1967 437 2016 ut
450 1957 540 2017 docet
553 1958 727 2016 Lactantius
750 1955 802 2034 (de
815 1957 907 2016 Mort.
921 1977 1036 2037 perseo.
1050 1978 1074 2018 c.
1095 1959 1149 2034 ια).

198 2062 376 2123 Terminalia
396 2064 596 2124 emendarunt
616 2065 777 2136 Germani,
797 2073 827 2123 et
851 2061 967 2125 habent
980 2064 1148 2126 Tornaesiu-

191 2190 248 2229 nus
269 2181 299 2229 et
318 2170 450 2232 Bosiani.
474 2170 532 2230 Alii
554 2169 625 2231 libri
648 2171 782 2233 termilia.

152 2295 170 2335 2
192 2274 250 2357 Ep.
271 2276 407 2338 CCXIV.
489 2312 492 2321 ·

152 2382 170 2440 3
193 2382 262 2456 Qua
283 2403 354 2442 usus
378 2394 443 2443 erat
471 2404 543 2464 erga
564 2385 721 2467 Scaptium
747 2388 778 2445 in
806 2388 929 2468 negotio
953 2386 1146 2470 Cypriorum,

190 2508 323 2568 qnorum
344 2488 479 2549 fortunas
500 2491 623 2551 uolebat
642 2493 729 2552 Bruti
745 2514 850 2565 causa,
871 2496 958 2553 cuius
973 2496 1071 2575 gratia
1084 2493 1148 2583 Scap

188 2597 269 2676 ptius
283 2598 411 2656 maxime
426 2597 587 2667 nitebatur,
600 2600 686 2680 perdi
702 2611 731 2660 et
745 2599 909 2660 exhauriri.
920 2601 1001 2662 Vide
1014 2623 1061 2683 ep.
1070 2600 1145 2670 CCL,

188 2701 216 2762 8.
241 2703 346 2763 Graec.
378 2705 466 2763 Multi
493 2704 563 2763 libri
592 2707 810 2778 liberalitatem
838 2711 933 2767 immo
960 2708 1029 2769 edd.
1050 2709 1103 2768 Ro.
1122 2716 1144 2767 et

188 2809 255 2868 Aldi
276 2831 367 2892 qziam
387 2832 481 2870 ineam
504 2797 652 2881 βαθύτητα
673 2816 765 2872 -ia
785 2815 880 2875 Bruto
899 2817 1033 2896 probari

147 2914 168 2989 4
188 2914 245 2973 Ed.
256 2917 364 2977 Minut.
379 2930 411 2976 αι
424 2932 563 2999 putaram
575 2941 674 2991 secus,
692 2919 799 2980 Lamb.
813 2942 885 2982 naar
895 2935 1038 3004 putaram
1048 2921 1141 3004 paullo

187 3041 279 3082 secas.

146 3122 167 3184 5
187 3126 258 3187 Duo
279 3129 388 3190 Ambb.
410 3132 505 3193 Laud.
527 3144 557 3193 et
577 3133 644 3193 edd.
668 3134 744 3194 lens.
765 3136 838 3194 Min.
854 3135 998 3196 Lambini
1017 3139 1140 3198 immutet

185 3232 268 3292 inira
289 3233 317 3297 ἕξ
336 3236 516 3312 ἀφαιρέσεως,
536 3239 650 3299 locutio
670 3262 689 3299 a
709 3241 834 3301 medicis
850 3242 992 3304 deducta.
1014 3245 1060 3304 Illi
1075 3245 1140 3304 enim

184 3338 323 3413 ἀφαίρεσιν
340 3356 463 3417 vocant,
475 3366 570 3426 quum
584 3347 698 3428 aliquid
712 3351 855 3409 materiae
873 3350 1008 3415 demitur
1022 3349 1140 3431 corpori·

182 3445 218 3504 ln
238 3446 457 3510 detractionum
488 3474 595 3532 genere
621 3457 746 3535 ponitur
767 3459 869 3536 primo
897 3457 965 3518 loco
999 3458 1137 3538 sanguinis

181 3551 336 3614 detractio.
359 3556 486 3638 Sanguis
507 3570 607 3618 autem
629 3560 783 3640 eleganter
798 3563 881 3644 apud
896 3564 1022 3625 Latinos
1042 3564 1137 3624 dicitur

177 3662 312 3737 pecrraia.
335 3664 440 3722 Cicero
461 3687 547 3746 ergo,
569 3688 663 3747 quum
685 3667 785 3727 dicere
800 3669 892 3729 vellet
906 3669 946 3729 ab
961 3673 1063 3752 Appio
1075 3686 1133 3752 pm·

181 3767 310 3825 vinciam
334 3769 508 3830 exhaustam
530 3795 607 3843 esse,
628 3774 781 3855 eleganter
795 3787 825 3835 et
846 3776 946 3858 lepide
968 3777 1056 3837 dixit:
1079 3776 1130 3855 Ap-

177 3871 244 3949 pius
270 3872 299 3935 ἐξ
317 3874 481 3949 ἀφαιρέσεως
509 3882 689 3961 provinciam
716 3884 846 3955 arctavit,
878 3885 1046 3962 sarzgru‘nem
1064 3879 1127 3942 misit·

183 3966 259 4029 Vide
280 3969 463 4035 Ernestium.
