<?xml version="1.0" encoding="UTF-8"?>
<!DOCTYPE html PUBLIC "-//W3C//DTD XHTML 1.0 Transitional//EN"
    "http://www.w3.org/TR/xhtml1/DTD/xhtml1-transitional.dtd">
<html xmlns="http://www.w3.org/1999/xhtml" xml:lang="en" lang="en">
 <head>
  <title>
</title>
<meta http-equiv="Content-Type" content="text/html;charset=utf-8" />
  <meta name='ocr-system' content='tesseract 3.04.00' />
  <meta name='ocr-capabilities' content='ocr_page ocr_carea ocr_par ocr_line ocrx_word'/>
</head>
<body>
  <div class='ocr_page' id='page_1' title='image "./mtulliiciceroni59cicegoog/mtulliiciceroni59cicegoog_0143.png"; bbox 0 0 2678 4860; ppageno 0'>
   <div class='ocr_carea' id='block_1_1' title="bbox 149 339 1264 3354">
    <p class='ocr_par' dir='ltr' id='par_1_1' title="bbox 149 339 1264 2721">
     <span class='ocr_line' id='line_1_1' title="bbox 257 339 1234 417; baseline -0.008 -5"><span class='ocrx_word' id='word_1_1' title='bbox 257 339 326 413; x_wconf 81' lang='lat'>138</span> <span class='ocrx_word' id='word_1_2' title='bbox 576 354 746 406; x_wconf 78' lang='lat' dir='ltr'>nrrsrom</span> <span class='ocrx_word' id='word_1_3' title='bbox 772 357 936 406; x_wconf 76' lang='lat' dir='ltr'>cccxxrn.</span> <span class='ocrx_word' id='word_1_4' title='bbox 1039 355 1069 404; x_wconf 80' lang='grc' dir='ltr'>Α.</span> <span class='ocrx_word' id='word_1_5' title='bbox 1086 358 1120 405; x_wconf 88' lang='lat' dir='ltr'>v.</span> <span class='ocrx_word' id='word_1_6' title='bbox 1139 357 1166 403; x_wconf 92' lang='lat' dir='ltr'>c.</span> <span class='ocrx_word' id='word_1_7' title='bbox 1185 355 1234 417; x_wconf 77' lang='lat'>7⁰³</span> 
     </span>
     <span class='ocr_line' id='line_1_2' title="bbox 251 459 1262 564; baseline -0.007 -26"><span class='ocrx_word' id='word_1_8' title='bbox 251 463 337 538; x_wconf 91' lang='lat' dir='ltr'>lium</span> <span class='ocrx_word' id='word_1_9' title='bbox 357 479 384 514; x_wconf 93' lang='grc'>11</span> <span class='ocrx_word' id='word_1_10' title='bbox 413 462 604 564; x_wconf 85' lang='lat' dir='ltr'>praeposui</span> <span class='ocrx_word' id='word_1_11' title='bbox 623 460 836 562; x_wconf 88' lang='lat' dir='ltr'>provinciae.</span> <span class='ocrx_word' id='word_1_12' title='bbox 854 462 1023 558; x_wconf 89' lang='lat' dir='ltr'>Puerum,</span> <span class='ocrx_word' id='word_1_13' title='bbox 1050 459 1196 560; x_wconf 87' lang='lat' dir='ltr'><strong>inquies.</strong></span> <span class='ocrx_word' id='word_1_14' title='bbox 1214 461 1262 532; x_wconf 87' lang='lat' dir='ltr'>At</span> 
     </span>
     <span class='ocr_line' id='line_1_3' title="bbox 253 586 1261 695; baseline -0.007 -30"><span class='ocrx_word' id='word_1_15' title='bbox 253 604 493 695; x_wconf 71' lang='lat' dir='ltr'>quaestorem5</span> <span class='ocrx_word' id='word_1_16' title='bbox 518 603 555 663; x_wconf 90' lang='lat' dir='ltr'>at</span> <span class='ocrx_word' id='word_1_17' title='bbox 575 588 733 663; x_wconf 90' lang='lat' dir='ltr'>nobilem</span> <span class='ocrx_word' id='word_1_18' title='bbox 744 586 1023 684; x_wconf 62' lang='lat' dir='ltr'>adolescentem</span> <span class='ocrx_word' id='word_1_19' title='bbox 1045 599 1083 659; x_wconf 91' lang='lat' dir='ltr'>at</span> <span class='ocrx_word' id='word_1_20' title='bbox 1100 586 1261 659; x_wconf 88' lang='lat' dir='ltr'>omnium</span> 
     </span>
     <span class='ocr_line' id='line_1_4' title="bbox 149 712 1264 818; baseline -0.007 -25"><span class='ocrx_word' id='word_1_21' title='bbox 149 766 153 776; x_wconf 89' lang='lat'>·</span> <span class='ocrx_word' id='word_1_22' title='bbox 252 719 323 794; x_wconf 85' lang='lat' dir='ltr'>fere</span> <span class='ocrx_word' id='word_1_23' title='bbox 341 716 504 818; x_wconf 87' lang='lat' dir='ltr'>exemplo</span> <span class='ocrx_word' id='word_1_24' title='bbox 521 733 559 790; x_wconf 89' lang='grc'>11.</span> <span class='ocrx_word' id='word_1_25' title='bbox 577 715 701 818; x_wconf 88' lang='lat' dir='ltr'>Neque</span> <span class='ocrx_word' id='word_1_26' title='bbox 719 729 794 788; x_wconf 91' lang='lat' dir='ltr'>erat</span> <span class='ocrx_word' id='word_1_27' title='bbox 811 715 989 815; x_wconf 87' lang='lat' dir='ltr'>superiore</span> <span class='ocrx_word' id='word_1_28' title='bbox 1007 712 1142 787; x_wconf 92' lang='lat' dir='ltr'>honore</span> <span class='ocrx_word' id='word_1_29' title='bbox 1159 738 1264 813; x_wconf 92' lang='lat' dir='ltr'>usus,</span> 
     </span>
     <span class='ocr_line' id='line_1_5' title="bbox 251 839 1263 948; baseline -0.006 -28"><span class='ocrx_word' id='word_1_30' title='bbox 251 869 359 948; x_wconf 88' lang='lat' dir='ltr'>quem</span> <span class='ocrx_word' id='word_1_31' title='bbox 383 846 619 946; x_wconf 83' lang='lat' dir='ltr'>praeficerem.</span> <span class='ocrx_word' id='word_1_32' title='bbox 639 843 836 919; x_wconf 88' lang='lat' dir='ltr'>Pomtinius</span> <span class='ocrx_word' id='word_1_33' title='bbox 860 841 975 917; x_wconf 89' lang='lat' dir='ltr'>multo</span> <span class='ocrx_word' id='word_1_34' title='bbox 993 853 1075 915; x_wconf 85' lang='lat' dir='ltr'>ante</span> <span class='ocrx_word' id='word_1_35' title='bbox 1095 839 1263 925; x_wconf 86' lang='lat' dir='ltr'>discesse-</span> 
     </span>
     <span class='ocr_line' id='line_1_6' title="bbox 201 968 1262 1070; baseline -0.006 -24"><span class='ocrx_word' id='word_1_36' title='bbox 201 987 204 990; x_wconf 68' lang='lat'>‘</span> <span class='ocrx_word' id='word_1_37' title='bbox 250 986 315 1046; x_wconf 92' lang='lat' dir='ltr'>rat.</span> <span class='ocrx_word' id='word_1_38' title='bbox 330 972 509 1064; x_wconf 86' lang='lat' dir='ltr'>AQuinto</span> <span class='ocrx_word' id='word_1_39' title='bbox 527 970 633 1044; x_wconf 88' lang='lat' dir='ltr'>fratre</span> <span class='ocrx_word' id='word_1_40' title='bbox 650 970 831 1070; x_wconf 89' lang='lat' dir='ltr'>impetrari</span> <span class='ocrx_word' id='word_1_41' title='bbox 848 994 922 1041; x_wconf 91' lang='lat' dir='ltr'>non</span> <span class='ocrx_word' id='word_1_42' title='bbox 934 981 1076 1069; x_wconf 90' lang='lat' dir='ltr'>poterat</span> <span class='ocrx_word' id='word_1_43' title='bbox 1091 968 1138 1066; x_wconf 76' lang='lat'>¹³5</span> <span class='ocrx_word' id='word_1_44' title='bbox 1156 993 1262 1069; x_wconf 90' lang='lat' dir='ltr'>quem</span> 
     </span>
     <span class='ocr_line' id='line_1_7' title="bbox 248 1095 1262 1200; baseline -0.004 -28"><span class='ocrx_word' id='word_1_45' title='bbox 248 1112 370 1172; x_wconf 88' lang='lat' dir='ltr'>tamen</span> <span class='ocrx_word' id='word_1_46' title='bbox 384 1099 413 1171; x_wconf 91' lang='lat' dir='ltr'>si</span> <span class='ocrx_word' id='word_1_47' title='bbox 429 1096 665 1200; x_wconf 80' lang='lat' dir='ltr'>reliquissem,</span> <span class='ocrx_word' id='word_1_48' title='bbox 683 1096 842 1170; x_wconf 79' lang='lat' dir='ltr'>dicerent</span> <span class='ocrx_word' id='word_1_49' title='bbox 852 1097 978 1198; x_wconf 88' lang='lat' dir='ltr'>iniqui,</span> <span class='ocrx_word' id='word_1_50' title='bbox 994 1120 1068 1169; x_wconf 92' lang='lat' dir='ltr'>non</span> <span class='ocrx_word' id='word_1_51' title='bbox 1080 1121 1137 1169; x_wconf 89' lang='lat' dir='ltr'>mc</span> <span class='ocrx_word' id='word_1_52' title='bbox 1153 1095 1262 1196; x_wconf 81' lang='lat' dir='ltr'>plane</span> 
     </span>
     <span class='ocr_line' id='line_1_8' title="bbox 248 1222 1263 1328; baseline -0.004 -29"><span class='ocrx_word' id='word_1_53' title='bbox 248 1239 334 1328; x_wconf 85' lang='lat' dir='ltr'>post</span> <span class='ocrx_word' id='word_1_54' title='bbox 360 1250 510 1324; x_wconf 91' lang='lat' dir='ltr'>annum,</span> <span class='ocrx_word' id='word_1_55' title='bbox 535 1238 576 1297; x_wconf 91' lang='lat' dir='ltr'>ut</span> <span class='ocrx_word' id='word_1_56' title='bbox 601 1237 742 1298; x_wconf 90' lang='lat' dir='ltr'>senatus</span> <span class='ocrx_word' id='word_1_57' title='bbox 759 1222 928 1298; x_wconf 86' lang='lat' dir='ltr'>voluisset</span> <span class='ocrx_word' id='word_1_58' title='bbox 942 1222 990 1323; x_wconf 74' lang='lat'>¹4,</span> <span class='ocrx_word' id='word_1_59' title='bbox 1016 1222 1061 1296; x_wconf 91' lang='lat' dir='ltr'>de</span> <span class='ocrx_word' id='word_1_60' title='bbox 1077 1223 1263 1322; x_wconf 78' lang='lat' dir='ltr'>provincia</span> 
     </span>
     <span class='ocr_line' id='line_1_9' title="bbox 252 1349 1262 1454; baseline -0.004 -26"><span class='ocrx_word' id='word_1_61' title='bbox 252 1352 465 1454; x_wconf 81' lang='lat' dir='ltr'>decessisse,</span> <span class='ocrx_word' id='word_1_62' title='bbox 491 1350 659 1454; x_wconf 92' lang='lat' dir='ltr'>quoniam</span> <span class='ocrx_word' id='word_1_63' title='bbox 684 1349 833 1425; x_wconf 88' lang='lat' dir='ltr'>alterum</span> <span class='ocrx_word' id='word_1_64' title='bbox 849 1376 907 1427; x_wconf 91' lang='lat' dir='ltr'>me</span> <span class='ocrx_word' id='word_1_65' title='bbox 924 1349 1151 1454; x_wconf 85' lang='lat' dir='ltr'>reliquissem.</span> <span class='ocrx_word' id='word_1_66' title='bbox 1170 1351 1262 1424; x_wconf 86' lang='lat' dir='ltr'>For-</span> 
     </span>
     <span class='ocr_line' id='line_1_10' title="bbox 252 1476 1261 1579; baseline -0.005 -26"><span class='ocrx_word' id='word_1_67' title='bbox 252 1493 344 1553; x_wconf 80' lang='lat' dir='ltr'>tasse</span> <span class='ocrx_word' id='word_1_68' title='bbox 361 1481 468 1553; x_wconf 88' lang='lat' dir='ltr'>etiam</span> <span class='ocrx_word' id='word_1_69' title='bbox 484 1478 572 1552; x_wconf 95' lang='lat' dir='ltr'>illud</span> <span class='ocrx_word' id='word_1_70' title='bbox 589 1480 618 1530; x_wconf 81' lang='lat'>¹5</span> <span class='ocrx_word' id='word_1_71' title='bbox 636 1478 825 1579; x_wconf 79' lang='lat' dir='ltr'>adderent,</span> <span class='ocrx_word' id='word_1_72' title='bbox 851 1492 1013 1553; x_wconf 90' lang='lat' dir='ltr'>senatum</span> <span class='ocrx_word' id='word_1_73' title='bbox 1030 1503 1091 1552; x_wconf 90' lang='lat' dir='ltr'>eos</span> <span class='ocrx_word' id='word_1_74' title='bbox 1108 1476 1261 1551; x_wconf 91' lang='lat' dir='ltr'>voluisse</span> 
     </span>
     <span class='ocr_line' id='line_1_11' title="bbox 250 1604 1263 1708; baseline -0.003 -28"><span class='ocrx_word' id='word_1_75' title='bbox 250 1607 444 1708; x_wconf 84' lang='lat' dir='ltr'>provinciis</span> <span class='ocrx_word' id='word_1_76' title='bbox 468 1631 648 1708; x_wconf 88' lang='lat' dir='ltr'>praeesse,</span> <span class='ocrx_word' id='word_1_77' title='bbox 674 1607 734 1708; x_wconf 90' lang='lat' dir='ltr'>qni</span> <span class='ocrx_word' id='word_1_78' title='bbox 753 1621 858 1681; x_wconf 91' lang='lat' dir='ltr'>antea</span> <span class='ocrx_word' id='word_1_79' title='bbox 876 1632 951 1691; x_wconf 89' lang='lat' dir='ltr'>non</span> <span class='ocrx_word' id='word_1_80' title='bbox 967 1604 1200 1707; x_wconf 84' lang='lat' dir='ltr'>praefuissent</span> <span class='ocrx_word' id='word_1_81' title='bbox 1215 1608 1263 1705; x_wconf 72' lang='lat'>¹⁶3</span> 
     </span>
     <span class='ocr_line' id='line_1_12' title="bbox 251 1718 1261 1833; baseline -0.003 -27"><span class='ocrx_word' id='word_1_82' title='bbox 251 1732 394 1809; x_wconf 88' lang='lat' dir='ltr'>fratrem</span> <span class='ocrx_word' id='word_1_83' title='bbox 417 1759 537 1810; x_wconf 88' lang='lat' dir='ltr'>meum</span> <span class='ocrx_word' id='word_1_84' title='bbox 553 1718 742 1809; x_wconf 89' lang='lat' dir='ltr'>triennium</span> <span class='ocrx_word' id='word_1_85' title='bbox 760 1733 863 1807; x_wconf 87' lang='lat' dir='ltr'>Asiae</span> <span class='ocrx_word' id='word_1_86' title='bbox 880 1731 1080 1833; x_wconf 87' lang='lat' dir='ltr'>praefuisse.</span> <span class='ocrx_word' id='word_1_87' title='bbox 1096 1733 1261 1833; x_wconf 90' lang='lat' dir='ltr'>Denique</span> 
     </span>
     <span class='ocr_line' id='line_1_13' title="bbox 250 1857 1262 1960; baseline -0.004 -25"><span class='ocrx_word' id='word_1_88' title='bbox 250 1885 348 1935; x_wconf 90' lang='lat' dir='ltr'>nunc</span> <span class='ocrx_word' id='word_1_89' title='bbox 372 1859 528 1935; x_wconf 87' lang='lat' dir='ltr'>solicitus</span> <span class='ocrx_word' id='word_1_90' title='bbox 552 1884 627 1935; x_wconf 94' lang='lat' dir='ltr'>non</span> <span class='ocrx_word' id='word_1_91' title='bbox 652 1885 746 1934; x_wconf 91' lang='lat' dir='ltr'>sum:</span> <span class='ocrx_word' id='word_1_92' title='bbox 784 1862 814 1933; x_wconf 95' lang='lat' dir='ltr'>si</span> <span class='ocrx_word' id='word_1_93' title='bbox 845 1859 988 1934; x_wconf 83' lang='lat' dir='ltr'>fratrem</span> <span class='ocrx_word' id='word_1_94' title='bbox 1021 1857 1262 1960; x_wconf 81' lang='lat' dir='ltr'>reliquissem,</span> 
     </span>
     <span class='ocr_line' id='line_1_14' title="bbox 251 1987 1260 2085; baseline -0.005 -24"><span class='ocrx_word' id='word_1_95' title='bbox 251 1987 370 2061; x_wconf 86' lang='lat' dir='ltr'>omnia</span> <span class='ocrx_word' id='word_1_96' title='bbox 394 1988 563 2060; x_wconf 88' lang='lat' dir='ltr'>timerem.</span> <span class='ocrx_word' id='word_1_97' title='bbox 589 1988 776 2059; x_wconf 89' lang='lat' dir='ltr'>Postremo</span> <span class='ocrx_word' id='word_1_98' title='bbox 811 2010 885 2058; x_wconf 89' lang='lat' dir='ltr'>non</span> <span class='ocrx_word' id='word_1_99' title='bbox 911 1998 984 2058; x_wconf 91' lang='lat' dir='ltr'>tam</span> <span class='ocrx_word' id='word_1_100' title='bbox 1009 2010 1087 2058; x_wconf 89' lang='lat' dir='ltr'>mea</span> <span class='ocrx_word' id='word_1_101' title='bbox 1112 1997 1260 2085; x_wconf 89' lang='lat' dir='ltr'>sponte,</span> 
     </span>
     <span class='ocr_line' id='line_1_15' title="bbox 249 2102 1260 2214; baseline -0.001 -30"><span class='ocrx_word' id='word_1_102' title='bbox 249 2138 357 2214; x_wconf 87' lang='lat' dir='ltr'>qnam</span> <span class='ocrx_word' id='word_1_103' title='bbox 380 2102 708 2214; x_wconf 86' lang='lat' dir='ltr'>potentissimorum</span> <span class='ocrx_word' id='word_1_104' title='bbox 735 2111 898 2211; x_wconf 66' lang='lat' dir='ltr'>duorum.</span> <span class='ocrx_word' id='word_1_105' title='bbox 912 2127 942 2177; x_wconf 84' lang='lat'>¹⁷</span> <span class='ocrx_word' id='word_1_106' title='bbox 977 2112 1160 2212; x_wconf 82' lang='lat' dir='ltr'>exemplo,</span> <span class='ocrx_word' id='word_1_107' title='bbox 1197 2113 1260 2212; x_wconf 92' lang='lat' dir='ltr'>qui</span> 
     </span>
     <span class='ocr_line' id='line_1_16' title="bbox 249 2237 1262 2340; baseline 0.001 -29"><span class='ocrx_word' id='word_1_108' title='bbox 249 2258 372 2312; x_wconf 92' lang='lat' dir='ltr'>omnes</span> <span class='ocrx_word' id='word_1_109' title='bbox 398 2239 557 2337; x_wconf 87' lang='lat' dir='ltr'>Cassios,</span> <span class='ocrx_word' id='word_1_110' title='bbox 573 2239 818 2340; x_wconf 85' lang='lat' dir='ltr'>Antoniosque</span> <span class='ocrx_word' id='word_1_111' title='bbox 838 2240 868 2291; x_wconf 80' lang='lat'>¹⁸</span> <span class='ocrx_word' id='word_1_112' title='bbox 886 2237 1062 2338; x_wconf 87' lang='lat' dir='ltr'>complexi</span> <span class='ocrx_word' id='word_1_113' title='bbox 1079 2253 1181 2339; x_wconf 90' lang='lat' dir='ltr'>sunt,</span> <span class='ocrx_word' id='word_1_114' title='bbox 1198 2264 1262 2312; x_wconf 92' lang='lat' dir='ltr'>no·</span> 
     </span>
     <span class='ocr_line' id='line_1_17' title="bbox 248 2361 1259 2468; baseline 0.003 -31"><span class='ocrx_word' id='word_1_115' title='bbox 248 2361 356 2437; x_wconf 85' lang='lat' dir='ltr'>bilem</span> <span class='ocrx_word' id='word_1_116' title='bbox 370 2364 630 2439; x_wconf 87' lang='lat' dir='ltr'>adolescentem</span> <span class='ocrx_word' id='word_1_117' title='bbox 648 2383 678 2432; x_wconf 81' lang='lat'>¹9</span> <span class='ocrx_word' id='word_1_118' title='bbox 694 2379 854 2439; x_wconf 91' lang='lat' dir='ltr'>nontam</span> <span class='ocrx_word' id='word_1_119' title='bbox 867 2366 1006 2440; x_wconf 88' lang='lat' dir='ltr'>allicere</span> <span class='ocrx_word' id='word_1_120' title='bbox 1019 2364 1133 2467; x_wconf 89' lang='lat' dir='ltr'>volui,</span> <span class='ocrx_word' id='word_1_121' title='bbox 1150 2393 1259 2468; x_wconf 87' lang='lat' dir='ltr'>quam</span> 
     </span>
     <span class='ocr_line' id='line_1_18' title="bbox 248 2488 1257 2570; baseline 0.004 -7"><span class='ocrx_word' id='word_1_122' title='bbox 248 2488 400 2565; x_wconf 88' lang='lat' dir='ltr'>alienare</span> <span class='ocrx_word' id='word_1_123' title='bbox 425 2491 532 2565; x_wconf 89' lang='lat' dir='ltr'>nolui.</span> <span class='ocrx_word' id='word_1_124' title='bbox 549 2493 632 2567; x_wconf 91' lang='lat' dir='ltr'>Hoc</span> <span class='ocrx_word' id='word_1_125' title='bbox 657 2506 697 2565; x_wconf 92' lang='lat' dir='ltr'>tu</span> <span class='ocrx_word' id='word_1_126' title='bbox 721 2520 839 2566; x_wconf 89' lang='lat' dir='ltr'>meum</span> <span class='ocrx_word' id='word_1_127' title='bbox 858 2492 1043 2567; x_wconf 90' lang='lat' dir='ltr'>consilinm</span> <span class='ocrx_word' id='word_1_128' title='bbox 1059 2493 1182 2570; x_wconf 91' lang='lat' dir='ltr'>laudes</span> <span class='ocrx_word' id='word_1_129' title='bbox 1199 2520 1257 2569; x_wconf 90' lang='lat' dir='ltr'>ne·</span> 
     </span>
     <span class='ocr_line' id='line_1_19' title="bbox 249 2619 962 2721; baseline 0.003 -30"><span class='ocrx_word' id='word_1_130' title='bbox 249 2643 345 2692; x_wconf 90' lang='lat' dir='ltr'>cesse</span> <span class='ocrx_word' id='word_1_131' title='bbox 370 2633 431 2693; x_wconf 89' lang='lat' dir='ltr'>est.</span> <span class='ocrx_word' id='word_1_132' title='bbox 458 2619 589 2694; x_wconf 84' lang='lat' dir='ltr'>Mutari</span> <span class='ocrx_word' id='word_1_133' title='bbox 616 2622 711 2694; x_wconf 90' lang='lat' dir='ltr'>enim</span> <span class='ocrx_word' id='word_1_134' title='bbox 735 2647 809 2695; x_wconf 92' lang='lat' dir='ltr'>non</span> <span class='ocrx_word' id='word_1_135' title='bbox 835 2634 962 2721; x_wconf 91' lang='lat' dir='ltr'>potest.</span> 
     </span>
    </p>

    <p class='ocr_par' dir='ltr' id='par_1_2' title="bbox 226 2743 1258 3354">
     <span class='ocr_line' id='line_1_20' title="bbox 299 2743 1258 2849; baseline 0.003 -30"><span class='ocrx_word' id='word_1_136' title='bbox 299 2743 322 2819; x_wconf 88' lang='lat'><strong>5</strong></span> <span class='ocrx_word' id='word_1_137' title='bbox 347 2747 401 2820; x_wconf 89' lang='lat' dir='ltr'>De</span> <span class='ocrx_word' id='word_1_138' title='bbox 428 2745 549 2820; x_wconf 88' lang='lat' dir='ltr'>Ocella</span> <span class='ocrx_word' id='word_1_139' title='bbox 567 2763 597 2797; x_wconf 84' lang='lat'>²⁰</span> <span class='ocrx_word' id='word_1_140' title='bbox 624 2775 751 2848; x_wconf 90' lang='lat' dir='ltr'>parum</span> <span class='ocrx_word' id='word_1_141' title='bbox 777 2748 823 2822; x_wconf 85' lang='lat' dir='ltr'>ad</span> <span class='ocrx_word' id='word_1_142' title='bbox 848 2774 905 2820; x_wconf 91' lang='lat' dir='ltr'>me</span> <span class='ocrx_word' id='word_1_143' title='bbox 919 2747 1028 2849; x_wconf 87' lang='lat' dir='ltr'>plane</span> <span class='ocrx_word' id='word_1_144' title='bbox 1049 2749 1258 2848; x_wconf 89' lang='lat' dir='ltr'>scripseras:</span> 
     </span>
     <span class='ocr_line' id='line_1_21' title="bbox 226 2854 1257 2973; baseline 0.01 -34"><span class='ocrx_word' id='word_1_145' title='bbox 226 2883 286 2943; x_wconf 74' lang='lat' dir='ltr'>,et</span> <span class='ocrx_word' id='word_1_146' title='bbox 309 2870 347 2941; x_wconf 91' lang='lat' dir='ltr'>in</span> <span class='ocrx_word' id='word_1_147' title='bbox 373 2873 460 2944; x_wconf 89' lang='lat' dir='ltr'>actis</span> <span class='ocrx_word' id='word_1_148' title='bbox 484 2856 559 2946; x_wconf 90' lang='lat' dir='ltr'>non</span> <span class='ocrx_word' id='word_1_149' title='bbox 584 2888 667 2947; x_wconf 91' lang='lat' dir='ltr'>erat.</span> <span class='ocrx_word' id='word_1_150' title='bbox 687 2874 786 2947; x_wconf 86' lang='lat' dir='ltr'>Tuae</span> <span class='ocrx_word' id='word_1_151' title='bbox 803 2854 858 2947; x_wconf 82' lang='lat' dir='ltr'>res</span> <span class='ocrx_word' id='word_1_152' title='bbox 883 2887 999 2973; x_wconf 83' lang='lat' dir='ltr'>gestae</span> <span class='ocrx_word' id='word_1_153' title='bbox 1017 2887 1048 2925; x_wconf 81' lang='lat'>²¹</span> <span class='ocrx_word' id='word_1_154' title='bbox 1073 2875 1125 2949; x_wconf 89' lang='lat' dir='ltr'>ita</span> <span class='ocrx_word' id='word_1_155' title='bbox 1150 2874 1257 2955; x_wconf 74' lang='lat' dir='ltr'>notae</span> 
     </span>
     <span class='ocr_line' id='line_1_22' title="bbox 247 2999 1256 3094; baseline 0.01 -27"><span class='ocrx_word' id='word_1_156' title='bbox 247 3008 346 3094; x_wconf 88' lang='lat' dir='ltr'>sunt,</span> <span class='ocrx_word' id='word_1_157' title='bbox 370 3010 411 3068; x_wconf 91' lang='lat' dir='ltr'>ut</span> <span class='ocrx_word' id='word_1_158' title='bbox 437 3011 532 3072; x_wconf 90' lang='lat' dir='ltr'>trans</span> <span class='ocrx_word' id='word_1_159' title='bbox 558 3012 717 3073; x_wconf 90' lang='lat' dir='ltr'>montem</span> <span class='ocrx_word' id='word_1_160' title='bbox 743 3001 899 3074; x_wconf 89' lang='lat' dir='ltr'>Taurum</span> <span class='ocrx_word' id='word_1_161' title='bbox 929 3001 1036 3074; x_wconf 87' lang='lat' dir='ltr'>etiam</span> <span class='ocrx_word' id='word_1_162' title='bbox 1062 2999 1106 3074; x_wconf 91' lang='lat' dir='ltr'>de</span> <span class='ocrx_word' id='word_1_163' title='bbox 1132 3003 1256 3076; x_wconf 90' lang='lat' dir='ltr'>Matri·</span> 
     </span>
     <span class='ocr_line' id='line_1_23' title="bbox 234 3119 1256 3232; baseline 0.01 -40"><span class='ocrx_word' id='word_1_164' title='bbox 234 3119 308 3194; x_wconf 87' lang='lat' dir='ltr'>nio</span> <span class='ocrx_word' id='word_1_165' title='bbox 325 3138 358 3171; x_wconf 89' lang='grc'>11</span> <span class='ocrx_word' id='word_1_166' title='bbox 385 3124 432 3196; x_wconf 93' lang='lat' dir='ltr'>sit</span> <span class='ocrx_word' id='word_1_167' title='bbox 457 3125 625 3199; x_wconf 84' lang='lat' dir='ltr'>auditum.</span> <span class='ocrx_word' id='word_1_168' title='bbox 651 3130 749 3226; x_wconf 82' lang='lat' dir='ltr'>Ego,</span> <span class='ocrx_word' id='word_1_169' title='bbox 773 3128 840 3200; x_wconf 89' lang='lat' dir='ltr'>nisi</span> <span class='ocrx_word' id='word_1_170' title='bbox 871 3128 958 3232; x_wconf 89' lang='lat' dir='ltr'>quid</span> <span class='ocrx_word' id='word_1_171' title='bbox 981 3153 1037 3201; x_wconf 93' lang='lat' dir='ltr'>me</span> <span class='ocrx_word' id='word_1_172' title='bbox 1069 3129 1202 3221; x_wconf 84' lang='lat' dir='ltr'>etesiae</span> <span class='ocrx_word' id='word_1_173' title='bbox 1224 3129 1256 3178; x_wconf 79' lang='lat'>²³</span> 
     </span>
     <span class='ocr_line' id='line_1_24' title="bbox 246 3239 1255 3354; baseline 0.006 -34"><span class='ocrx_word' id='word_1_174' title='bbox 246 3239 498 3350; x_wconf 76' lang='lat' dir='ltr'>moraliuntur,</span> <span class='ocrx_word' id='word_1_175' title='bbox 515 3253 690 3354; x_wconf 89' lang='lat' dir='ltr'>celeriter,</span> <span class='ocrx_word' id='word_1_176' title='bbox 707 3268 747 3326; x_wconf 92' lang='lat' dir='ltr'>ut</span> <span class='ocrx_word' id='word_1_177' title='bbox 765 3280 888 3354; x_wconf 89' lang='lat' dir='ltr'>spero,</span> <span class='ocrx_word' id='word_1_178' title='bbox 912 3280 977 3328; x_wconf 88' lang='lat' dir='ltr'>vos</span> <span class='ocrx_word' id='word_1_179' title='bbox 996 3253 1136 3329; x_wconf 86' lang='lat' dir='ltr'>videbo.</span> <span class='ocrx_word' id='word_1_180' title='bbox 1155 3255 1255 3330; x_wconf 85' lang='lat' dir='ltr'>Vale.</span> 
     </span>
    </p>
   </div>
   <div class='ocr_carea' id='block_1_2' title="bbox 638 3507 1231 3612">
    <p class='ocr_par' dir='ltr' id='par_1_3' title="bbox 638 3507 1231 3612">
     <span class='ocr_line' id='line_1_25' title="bbox 638 3507 1231 3612; baseline 0.015 -32"><span class='ocrx_word' id='word_1_181' title='bbox 638 3507 868 3582; x_wconf 87' lang='lat' dir='ltr'>CCLXXIV.</span> <span class='ocrx_word' id='word_1_182' title='bbox 965 3548 1021 3608; x_wconf 62' lang='lat' dir='ltr'>(Ad</span> <span class='ocrx_word' id='word_1_183' title='bbox 1037 3552 1090 3596; x_wconf 52' lang='lat' dir='ltr'>Di..</span> <span class='ocrx_word' id='word_1_184' title='bbox 1107 3551 1170 3612; x_wconf 73' lang='lat' dir='ltr'>xv,</span> <span class='ocrx_word' id='word_1_185' title='bbox 1187 3552 1231 3606; x_wconf 62' lang='grc' dir='ltr'>ῃ)</span> 
     </span>
    </p>
   </div>
   <div class='ocr_carea' id='block_1_3' title="bbox 248 3681 1254 3878">
    <p class='ocr_par' dir='ltr' id='par_1_4' title="bbox 248 3681 1254 3878">
     <span class='ocr_line' id='line_1_26' title="bbox 248 3681 1254 3771; baseline 0.009 -30"><span class='ocrx_word' id='word_1_186' title='bbox 248 3681 468 3762; x_wconf 82' lang='lat' dir='ltr'>Argumentum.</span> <span class='ocrx_word' id='word_1_187' title='bbox 489 3683 718 3768; x_wconf 77' lang='lat' dir='ltr'>supplicatione</span> <span class='ocrx_word' id='word_1_188' title='bbox 740 3685 796 3747; x_wconf 90' lang='lat' dir='ltr'>sibi</span> <span class='ocrx_word' id='word_1_189' title='bbox 819 3686 953 3761; x_wconf 83' lang='lat' dir='ltr'>decreta,</span> <span class='ocrx_word' id='word_1_190' title='bbox 974 3689 1086 3770; x_wconf 84' lang='lat' dir='ltr'>gratias</span> <span class='ocrx_word' id='word_1_191' title='bbox 1107 3689 1172 3771; x_wconf 81' lang='lat' dir='ltr'>agit</span> <span class='ocrx_word' id='word_1_192' title='bbox 1185 3709 1254 3750; x_wconf 93' lang='lat' dir='ltr'>con·</span> 
     </span>
     <span class='ocr_line' id='line_1_27' title="bbox 289 3789 1117 3878; baseline 0.008 -30"><span class='ocrx_word' id='word_1_193' title='bbox 289 3789 363 3862; x_wconf 88' lang='lat' dir='ltr'>suli,</span> <span class='ocrx_word' id='word_1_194' title='bbox 384 3801 413 3851; x_wconf 88' lang='lat' dir='ltr'>et</span> <span class='ocrx_word' id='word_1_195' title='bbox 433 3791 612 3874; x_wconf 89' lang='lat' dir='ltr'>propediem</span> <span class='ocrx_word' id='word_1_196' title='bbox 634 3793 672 3854; x_wconf 91' lang='lat' dir='ltr'>ad</span> <span class='ocrx_word' id='word_1_197' title='bbox 693 3793 800 3857; x_wconf 88' lang='lat' dir='ltr'>urbem</span> <span class='ocrx_word' id='word_1_198' title='bbox 823 3817 853 3857; x_wconf 89' lang='lat' dir='ltr'>se</span> <span class='ocrx_word' id='word_1_199' title='bbox 875 3796 938 3857; x_wconf 82' lang='lat' dir='ltr'>fore</span> <span class='ocrx_word' id='word_1_200' title='bbox 961 3793 1117 3878; x_wconf 83' lang='lat' dir='ltr'>significat.</span> 
     </span>
    </p>
   </div>
   <div class='ocr_carea' id='block_1_4' title="bbox 0 0 1344 4860">
    <p class='ocr_par' dir='ltr' id='par_1_5' title="bbox 0 0 1344 4860">
     <span class='ocr_line' id='line_1_28' title="bbox 0 0 1344 4860; baseline 0 3"><span class='ocrx_word' id='word_1_201' title='bbox 0 0 1344 4860; x_wconf 95' lang='lat' dir='ltr'> </span> 
     </span>
    </p>
   </div>
  </div>
 </body>
</html>
