2626 4854
159 330 228 406 136
475 344 648 399 nersront
673 347 836 395 ccuxxrn.
937 342 970 392 s.
987 345 1023 394 v.
1040 344 1070 392 c.
1089 343 1136 405 ,σε

231 607 286 661 Ser.
304 603 378 658 Sidae
394 603 517 670 sonasse,
536 604 567 655 Δ.
586 600 619 655 V.
635 600 665 654 (ἱ
682 599 809 667 occul,
825 615 913 652 mense
928 596 1022 668 Quint.
1039 615 1084 650 ex.

174 852 219 918 M.
246 851 282 916 T.
307 849 342 914 C.
365 848 450 913 ΙΜΡ.
473 847 516 912 Μ.
541 844 688 911 CAELIO
711 842 848 910 AEDILI
871 842 1020 909 CVRVLI
1046 843 1078 907 S.
1100 843 1137 906 D.

209 1117 224 1167 1
255 1090 339 1167 Non
362 1090 482 1192 potuit
506 1088 702 1163 accuratius
734 1088 809 1187 agi,
838 1111 907 1160 nec
931 1084 1156 1188 prudentius,

158 1244 265 1320 quam
290 1231 407 1291 actum
433 1229 487 1289 est
511 1242 531 1288 a
557 1229 593 1288 te
619 1241 701 1290 cnm
726 1213 880 1288 Curione
912 1210 958 1285 de
982 1211 1157 1314 supplica-

155 1344 291 1419 tione1:
317 1358 354 1417 et
369 1342 498 1442 hercle,
511 1341 671 1415 confecta
687 1366 743 1415 res
756 1354 870 1414 estex
885 1341 1061 1414 sententia
1074 1365 1158 1440 mea,

154 1495 265 1572 quum
290 1467 490 1568 celeritate,
524 1482 599 1541 tum
633 1465 731 1567 quod
754 1468 802 1565 is,
835 1467 897 1568 qui
926 1481 1004 1540 erat
1035 1467 1157 1566 uatus,

153 1597 366 1696 competitor
391 1610 472 1669 tuus
484 1651 495 1694 ‚
520 1608 557 1667 et
580 1592 676 1667 idem
694 1609 838 1692 meus27
862 1620 1027 1668 assensus
1044 1594 1158 1692 sotei,

154 1724 216 1825 qun
241 1724 416 1798 ornavit³
441 1748 496 1796 res
528 1735 667 1794 nostras
692 1721 821 1795 divinis
844 1720 1018 1794 laudibus.
1043 1722 1158 1814 Quare

153 1851 244 1924 scito
268 1876 325 1924 me
351 1874 491 1949 sperare
516 1873 556 1920 ea
562 1904 573 1948 ,
599 1874 689 1949 quae
714 1861 909 1950 sequuntur
927 1848 964 1923 l:
999 1848 1048 1922 ad
1073 1875 1158 1951 quae

153 1989 191 2050 tu
217 1990 253 2050 te
277 2003 373 2077 para.
614 1966 617 1971 ⁵

205 2131 226 2176 2
241 2101 462 2176 Dolabellam
475 2129 496 2175 a
510 2116 546 2174 te
559 2099 694 2200 gaudeo
706 2100 860 2202 primum
871 2100 1020 2202 laudari⁷
1034 2101 1158 2174 deinde

157 2230 266 2302 etiam
290 2230 408 2302 amari.
433 2229 527 2303 Nam
551 2255 592 2301 ea
610 2230 640 2329 ⁵,
666 2254 756 2330 quae
771 2255 892 2329 speras
908 2228 1048 2302 Tulliae
1065 2255 1159 2302 meae

144 2353 348 2456 ,prudentia
365 2356 553 2456 temperari
569 2381 693 2455 posse,
709 2355 800 2456 scio,
817 2356 875 2428 cui
891 2369 971 2428 tuae
992 2345 1159 2456 epistolae

154 2480 397 2581 respondeant
413 2485 437 2553 ⁶.
465 2481 577 2582 Quid,
602 2483 631 2554 si
656 2508 772 2555 meam
797 2481 892 2581 legas
909 2501 942 2581 ⁷,
965 2509 1075 2586 quam
1100 2507 1158 2581 ego

153 2619 230 2679 tum
256 2634 299 2680 ex
331 2610 400 2681 tuis
432 2608 542 2681 literis
574 2609 651 2681 misi
687 2608 735 2681 ad
759 2608 941 2709 Appiuml
979 2609 1053 2682 Sed
1079 2607 1158 2711 quid

154 2762 236 2834 agas
253 2735 291 2808 δῖ
317 2737 374 2810 Sic
399 2737 539 2810 vivitur.
566 2736 674 2828 Quod
700 2750 819 2809 actum
844 2750 916 2835 est,
950 2736 1002 2809 dii
1033 2762 1158 2837 appro-

152 2860 248 2933 bent.
275 2861 385 2959 Spero
412 2862 485 2934 fore
510 2862 703 2934 iucundum
731 2889 896 2960 generum
920 2862 1045 2962 nobis3
1074 2862 1159 2935 mul-

152 2999 298 3086 tumque
323 2989 362 3058 in
387 3012 429 3060 eo
455 3003 515 3061 tua
540 3015 607 3061 nos
632 2989 832 3062 humanitas
859 2989 1052 3062 adiuvabit.

202 3112 225 3184 3
251 3114 320 3184 Res
343 3112 487 3213 publica
510 3142 568 3188 rue
585 3114 688 3189 valde
706 3116 867 3189 solicitat.
893 3117 1016 3190 Faveo
1036 3118 1159 3190 Curio·

150 3236 210 3336 ni3
234 3238 421 3315 Caesarem
444 3240 633 3314 honestum
659 3267 734 3314 esse
761 3243 867 3342 cupio
894 3259 932 3342 93
960 3268 1028 3342 pro
1055 3245 1159 3316 Pom-

149 3364 233 3464 peio
251 3367 359 3439 emori
375 3392 529 3468 possum.
544 3367 615 3440 Sed
632 3381 751 3441 tamen
768 3369 846 3470 ipsa
862 3367 1061 3470 republica
1078 3367 1162 3442 nihil

149 3491 238 3563 mihi
262 3506 316 3565 est
341 3495 467 3567 carius:
493 3496 531 3567 in
557 3522 626 3597 qua
652 3509 692 3568 tu
717 3521 792 3569 non
816 3495 920 3572 valde
937 3509 973 3569 te
991 3497 1161 3596 iaetas210·

148 3618 336 3693 Districtus
362 3621 456 3693 enim
480 3620 567 3693 mihi
590 3621 725 3723 'videris
755 3650 847 3723 esse,
872 3622 969 3724 quod
995 3636 1033 3696 et
1049 3622 1163 3697 bonus

152 3745 260 3845 civis,
285 3760 321 3818 et
343 3746 460 3820 bonus
486 3749 617 3822 amicus
644 3777 689 3822 es.

200 3873 224 3963 4
249 3874 327 3970 Ego
345 3873 389 3947 de
405 3877 591 3976 provincia
619 3877 815 3979 decedens,
842 3880 1166 3983 quaestorem-Cae·
