2626 4854
155 340 226 411 216
486 359 658 408 rrrsrors
686 360 825 407 ccxcnr.
936 356 974 433 n.¹
988 361 1024 408 v.
1041 361 1070 407 c.
1087 361 1133 422 7⁰³

156 462 281 564 quibus
306 461 392 534 mibi
418 461 624 561 gratulatur,
651 476 686 534 et
713 462 831 534 omnia
855 459 1064 561 pollicetur,
1090 490 1154 564 quo

149 589 260 662 modo
287 589 437 662 exsultat
462 590 633 685 Catonis,
658 590 694 661 in
720 614 776 661 me
802 589 1045 688 ingratissimi,
1069 591 1154 661 inin-

150 714 225 788 rial
250 717 297 789 At
323 716 380 787 bic
405 715 498 788 idem
519 719 549 766 ³⁰
575 713 702 787 Bibulo
728 713 864 787 dierum
888 715 975 786 XX.
1012 716 1155 814 Ignosce

151 841 254 913 milri:
279 868 354 915 non
379 868 525 942 possum
551 840 638 914 haec
664 839 769 940 ferre,
794 866 860 913 nec
885 838 1004 913 feram·

202 995 223 1068 7
250 969 365 1067 Cupio
391 968 437 1040 ad
463 994 585 1071 omnes
612 982 688 1040 tuas
714 965 882 1067 epistolas
899 970 948 1068 ³¹5
983 966 1048 1039 sed
1074 964 1155 1040 nihil

151 1118 294 1165 necesse
318 1107 381 1167 est.
407 1096 483 1167 Iam
507 1095 602 1166 enim
626 1107 662 1166 te
687 1093 825 1166 videbo.
851 1093 943 1167 Illud
968 1107 1090 1166 tamen
1114 1094 1154 1166 de

151 1217 368 1320 Chrysippo:
393 1246 476 1292 nam
503 1220 547 1292 de
573 1220 683 1293 altero
708 1219 769 1293 illo
794 1222 826 1270 ³²
852 1220 969 1293 minus
995 1247 1076 1292 sum
1100 1219 1156 1292 ad-

151 1349 317 1446 miratus,
344 1349 503 1446 operario
529 1345 680 1419 homine.
707 1346 778 1418 Sed
804 1360 921 1418 tamen
937 1372 984 1418 ne
1001 1345 1064 1419 illo
1082 1349 1154 1448 qui-

154 1475 233 1547 dem
252 1474 439 1577 quicquam
456 1472 659 1573 improbius.
676 1473 917 1573 Chrysippum
931 1498 1036 1571 vero,
1054 1499 1153 1574 quem

152 1626 235 1700 ego,
252 1615 399 1701 propter
415 1598 630 1672 literularum
648 1601 768 1672 nescio
787 1599 1057 1701 quid,·libenter
1071 1600 1154 1698 vidi,

151 1728 188 1800 in
215 1727 349 1801 honore
375 1727 500 1826 habui,
526 1727 704 1800 discedere
730 1753 750 1799 a
775 1752 886 1828 puero
908 1728 958 1819 ³³,
987 1728 1154 1800 insciente

152 1855 231 1926 mel
253 1855 361 1927 Mitto
388 1853 475 1952 alia,
500 1880 589 1955 quae
615 1853 740 1951 audio,
766 1852 892 1950 multa3
917 1854 1023 1927 mitto
1050 1854 1152 1951 furta,

150 1979 268 2078 fugam
293 2006 367 2052 non
393 1980 482 2078 fero,
510 2006 579 2081 qua
607 1978 638 2046 34
663 1979 749 2052 mibi
774 1979 862 2051 nihil
880 1981 994 2052 visum
1012 1994 1069 2053 est
1088 2006 1152 2052 sce·

150 2104 300 2177 leratius.
325 2108 448 2206 Itaque
473 2107 640 2206 usurpavi
664 2120 766 2180 vetus
791 2105 879 2180 illud
903 2107 1028 2204 Drusi,
1055 2120 1095 2178 ut
1111 2105 1128 2176 l
1139 2144 1151 2161 -

151 2244 250 2329 runt,
275 2234 507 2332 praetoris³⁵,
532 2234 569 2304 in
595 2259 653 2331 eo,
679 2235 739 2335 qui
765 2232 888 2305 eadem
903 2232 992 2305 liber
1009 2259 1084 2306 non
1107 2233 1151 2302 iu·

154 2369 263 2455 rarat,
288 2383 344 2428 me
370 2358 456 2430 istos
481 2358 609 2431 liberos
634 2385 708 2432 non
735 2359 923 2457 addixisse,
952 2359 1150 2458 praesertim

152 2508 261 2581 quum
288 2483 425 2555 adesset
449 2510 572 2584 nemu,
598 2512 617 2556 a
636 2513 706 2587 quo
724 2501 818 2561 recte
836 2485 1099 2559 vindicarentur
1115 2482 1148 2553 ³⁶.

151 2608 193 2680 Id
210 2623 268 2708 tu,
292 2625 333 2683 ut
350 2611 543 2710 videbitur,
568 2614 617 2684 ita
636 2614 796 2712 accipies.
811 2614 888 2711 Ego
902 2612 967 2684 tibi
981 2612 1147 2686 assentiar.

201 2740 224 2810 8
252 2738 327 2810 Uni
344 2752 424 2810 tuae
443 2738 686 2811 disertissimae
705 2738 873 2838 epistolae
891 2764 965 2811 non
982 2738 1147 2837 rescripsi,

29 2857 31 2860 ’
151 2862 188 2932 in
215 2889 282 2962 qua
309 2879 363 2935 est
388 2865 432 2936 de
458 2866 624 2964 periculis
647 2868 694 2937 rei
721 2865 882 2964 publicae
908 2867 949 2936 ³⁷.
982 2865 1081 2956 Quid
1103 2889 1146 2935 re·

152 2987 360 3061 scriberem?
387 2991 501 3064 Valde
527 3019 622 3064 eram
647 2993 880 3091 perturbatus.
900 2991 989 3089 Sed,
1016 3005 1056 3063 ut
1072 2987 1145 3061 nihil

152 3137 365 3213 magnopere
382 3131 553 3216 metuam,
579 3119 700 3191 Parthi
720 3119 851 3189 faciunt
868 3120 916 3216 ³⁸,
935 3119 996 3218 qui
1015 3129 1144 3218 repente

152 3237 317 3311 Bibulum
342 3245 548 3317 semivivum
575 3245 789 3345 reliquerunt
815 3248 855 3316 ³9.

558 3496 749 3571 CCXClV.
910 3536 1123 3599 (araturus)

151 3667 373 3747 Argumentum.
398 3694 409 3732 r
435 3673 598 3736 Herculani
620 3698 651 3736 se
671 3676 773 3737 literas
795 3651 884 3737 Attici
905 3681 1058 3761 accepisse
1076 3695 1137 3737 nun·

191 3777 254 3837 liat.
282 3779 367 3838 2De
394 3782 525 3841 consiliis
552 3785 583 3840 in
610 3804 643 3843 re
672 3781 796 3864 publica
830 3785 984 3866 capiendis
1016 3786 1137 3866 disputat.

193 3883 211 3941 3
232 3885 312 3945 Tum
335 3888 372 3948 ad
394 3892 512 3970 privata
527 3893 627 3962 venit,
648 3913 683 3950 ac
697 3893 832 3974 primum
850 3891 888 3953 de
902 3892 998 3955 Caelii
1014 3889 1136 3955 sententis
