2626 4854
449 360 486 406 m
512 351 703 404 nmsronm
1006 336 1078 413 333

73 457 229 541 17E1·ga;
259 458 301 517 sic
331 479 378 538 ep.
407 458 566 520 CDXLlV
599 455 744 517 bundam
769 457 912 519 adversus
931 459 1082 542 aliquem,

109 576 140 626 et
160 566 225 625 Not.
246 565 284 623 D.
306 566 336 636 1,
356 565 391 641 41
417 567 527 626 iustitia
546 563 701 626 adversum
722 565 814 624 Deos.

72 671 109 733 18
129 671 206 730 Nam
228 672 419 734 severitatem
440 671 609 732 censoriam
632 670 740 730 Cicero
769 670 939 751 magistram
955 670 1080 754 pudoris

107 790 137 838 et
157 775 315 840 modestiae
335 788 425 839 vocet
444 779 476 838 in
496 777 598 838 Pisum
619 798 645 838 c.
666 777 695 855 4.
718 775 841 839 coruus.

459 989 684 1057 CCLXXVlll.

71 1227 82 1265 r
110 1203 283 1286 Tragoedia
306 1204 410 1266 Naevii
431 1208 538 1287 poetae
560 1207 681 1279 comici,
701 1203 740 1267 de
756 1225 819 1288 quo
832 1206 863 1265 in
878 1204 965 1266 Oret.
980 1226 1005 1266 c.
1018 1202 1074 1284 45,

104 1312 195 1372 Tusc.
216 1312 277 1384 IV,
299 1311 333 1371 31
358 1321 389 1371 et
408 1333 456 1394 ep.
477 1311 593 1386 CVIII,
616 1312 643 1373 3.

64 1438 82 1478 2
103 1417 182 1478 Edd.
203 1438 251 1500 pr.
273 1438 344 1477 cum
364 1418 447 1478 Man.
468 1428 499 1479 et
518 1417 671 1478 Lambino
691 1418 746 1479 abs
767 1431 808 1490 te.
826 1431 930 1501 poter,
949 1417 1074 1481 laudato

103 1525 181 1597 virm·
212 1522 264 1583 sed
290 1526 524 1606 praepositionis
550 1545 571 1585 a
601 1526 741 1607 repetitio
762 1523 856 1585 hebet
874 1527 978 1586 nescio
999 1524 1074 1607 quid

104 1630 174 1712 plus
195 1633 370 1728 intentionis
381 1675 391 1686 ..
412 1632 497 1712 quasi
528 1631 657 1692 dixerit:
677 1631 733 1692 obs
760 1643 804 1705 te,
827 1650 849 1692 a
876 1630 1000 1694 laudmo
1027 1632 1073 1692 rri-

103 1739 208 1798 mirum
228 1739 297 1798 viro.
322 1737 584 1820 Praepositionem
605 1739 716 1799 iterent
733 1740 824 1799 etiem
837 1739 897 1800 loci
918 1758 1010 1821 supra
1023 1739 1071 1799 cit

101 1838 192 1905 Tusc.
213 1855 244 1905 et
263 1864 310 1926 ep.
332 1844 442 1908 CVlll.

61 1951 79 2010 3
99 1952 189 2028 Quae
209 1951 395 2034 amplissime
415 1950 490 2023 dixit
502 1951 540 2016 de
555 1952 702 2015 Cicerone
721 1955 754 2013 in
777 1972 847 2036 epp.
863 1950 1017 2015 ccnxvl
1038 1961 1069 2013 et

100 2054 291 2137 CCLXVH,
317 2078 341 2121 1.

60 2165 81 2241 4
103 2163 153 2234 Si,
187 2166 302 2246 inquit,
335 2184 440 2226 omnes
465 2175 565 2226 essent
591 2165 721 2227 Catones
746 2167 780 2226 in
806 2168 928 2227 civitate
947 2175 1070 2238 nostre,

97 2270 169 2352 plus
191 2291 241 2331 me
261 2281 403 2354 putarem
424 2284 621 2353 assequutum
643 2294 706 2334 esse
718 2284 803 2356 post,
823 2293 915 2354 quam
930 2293 949 2332 a
961 2284 992 2335 te
1005 2271 1071 2333 lau·

96 2376 186 2438 datus
207 2398 295 2451 sum,
330 2399 422 2460 mam
450 2381 475 2439 si
505 2378 581 2440 mihi
602 2379 777 2462 triumphus
798 2380 935 2440 decretus
955 2379 1068 2440 fuisset.

97 2483 158 2544 Sed
180 2484 255 2566 quid
275 2483 344 2547 dico
364 2486 491 2547 omnes?
512 2485 545 2546 Si
566 2485 654 2547 multi
675 2497 774 2548 essent
793 2487 924 2548 Catones
946 2487 1069 2566 (minus

95 2601 198 2651 eutem
214 2602 259 2652 est
273 2591 379 2666 multi,
401 2613 494 2674 quam
515 2594 660 2674 omnes),
681 2591 817 2654 eiusdem
837 2594 1000 2653 sententiae
1019 2612 1068 2652 es-

96 2717 176 2768 sem,
197 2707 233 2757 ut
254 2717 378 2757 currum
400 2698 598 2780 laureamque
624 2719 699 2780 prae
728 2709 780 2760 tue
801 2697 974 2758 laudatione
993 2716 1068 2756 con·
1091 2750 1094 2754 .

94 2816 273 2865 temnerem.
295 2805 400 2883 Quum
422 2814 525 2866 autem
546 2826 586 2866 ne
607 2805 684 2866 dum
698 2824 820 2878 omnes,
839 2814 894 2865 eut
906 2802 994 2864 multi
1008 2805 1069 2864 sint

94 2911 246 2984 Catones,
273 2910 327 2972 sed
354 2913 403 2973 vix
424 2932 505 2972 unus
525 2910 637 2985 fuerit,
671 2921 794 2995 oportet
813 2914 903 2974 etiam
923 2931 974 2972 me
994 2909 1067 2972 reli-

96 3038 230 3100 quorum
253 3020 405 3078 rationem
426 3016 556 3091 habere,
577 3020 630 3100 qui
651 3040 714 3080 non
733 3029 815 3082 recte
829 3020 1067 3100 incorrupteque

91 3145 141 3186 res
162 3123 306 3186 iudicant.
332 3124 444 3185 Victor.
465 3124 527 3187 Pro
548 3127 592 3200 si,
612 3146 671 3187 non
684 3124 785 3187 dicam
799 3146 916 3199 omnes,
934 3122 990 3185 sed
1002 3135 1066 3184 ten-

92 3227 245 3292 tummodo
265 3229 350 3289 multi
372 3228 499 3290 Catones
519 3243 623 3293 essent.
650 3231 733 3294 Male
760 3234 855 3314 igitur
880 3230 969 3293 multi
995 3227 1066 3291 libri

89 3356 163 3397 mss.
184 3336 211 3395 si
230 3356 290 3396 non
309 3333 397 3396 modo
418 3357 513 3410 unus,
536 3358 635 3398 venem
654 3339 743 3400 etrum
763 3349 821 3401 etc.

48 3441 69 3503 5
90 3441 225 3516 Ornete,
246 3462 305 3524 pro
325 3461 414 3525 quem
431 3464 484 3524 ego
506 3445 708 3527 triumphum?

45 3548 68 3610 6
88 3549 134 3612 Vt
155 3547 279 3630 quidem
301 3567 359 3629 ego
381 3550 486 3610 sentio.
507 3549 626 3613 Manet.

47 3677 67 3736 7
89 3654 150 3737 Ep.
173 3654 463 3730 ccxxxv111‚2;
488 3655 543 3716 uhi
563 3657 655 3730 dixit,
681 3678 792 3742 cupere
814 3677 845 3718 se
866 3653 1062 3737 supplicatio-

86 3783 175 3835 nem,
195 3783 257 3822 non
278 3762 352 3844 quia
371 3759 540 3824 delectetur
560 3766 642 3826 inani
664 3765 770 3838 laude,
789 3764 842 3826 sed
857 3772 891 3823 ut
904 3768 1059 3842 acceptam

86 3869 129 3933 ab
152 3870 281 3933 inimicis
303 3868 446 3932 iniuriam
467 3873 554 3933 novis
575 3871 744 3943 honoribus
765 3878 947 3956 compenset
