2626 4854
249 334 322 430 344
614 349 885 401 surortrrouss

646 560 868 643 ccexxxn,

252 801 264 840 r
288 779 406 840 Graece
427 777 645 848 declinatione,
672 796 730 858 pro
756 775 827 848 lat,
853 796 916 858 qua
939 794 1013 835 usus
1038 782 1084 835 est
1111 776 1144 833 in
1170 775 1251 856 epist

289 884 516 957 CCLXXXIV,
540 906 551 944 1
576 884 605 943 iu
626 884 795 959 Piraeeum3
815 882 885 943 ride
905 903 954 964 ep.
974 880 1139 953 ccxclv,
1159 902 1188 961 7.
1207 880 1252 939 Pi-

286 1013 393 1054 raeeus
419 1003 527 1075 portus
551 989 754 1065 Athenarum
774 989 843 1050 ideo
866 988 941 1049 dixit
960 990 993 1049 in
1016 987 1080 1049 fine
1107 990 1194 1070 epist
1215 986 1252 1046 Ia

287 1119 357 1160 arce
370 1099 494 1160 Atlrenis
505 1099 592 1158 statio
610 1115 677 1157 ntea
697 1118 776 1156 nunc
792 1097 900 1178 placet.
920 1096 994 1156 Mox
1006 1116 1101 1177 quum
1113 1095 1252 1166 mbram,

287 1226 327 1265 sc.
348 1204 387 1265 de
406 1206 496 1274 navi,
515 1215 550 1264 ut
569 1203 679 1264 diserte
698 1214 744 1263 est
763 1205 795 1262 in
820 1222 867 1285 ep.
890 1202 1041 1273 XXXIII,
1061 1222 1081 1261 2
1102 1202 1185 1261 circa
1202 1199 1250 1260 fin.

286 1312 352 1372 Iov.
367 1310 411 1383 II,
425 1311 460 1370 31
483 1310 655 1371 decausis:
675 1309 870 1390 imprudentes
890 1309 980 1389 legis,
997 1329 1091 1391 quum
1110 1309 1250 1379 effluent,

216 1471 220 1478 .
288 1417 415 1477 vitulum.
428 1417 657 1478 immolavcnmt.
677 1418 760 1476 Tum
773 1416 911 1477 Muretus
932 1416 1013 1498 (var.
1033 1416 1120 1475 Lect.
1132 1414 1205 1486 XV,
1216 1411 1248 1494 8)

285 1522 405 1605 legebat
423 1524 463 1584 ab
483 1524 595 1585 Acasto
613 1536 723 1585 statorr
742 1545 817 1585 meo.
1048 1576 1051 1581 .

246 1650 265 1689 n
286 1631 414 1709 Quaen
432 1642 463 1691 te
486 1631 638 1705 distincte,
659 1640 690 1691 et
709 1630 861 1713 aequabili
880 1630 975 1691 ductu
994 1629 1097 1691 solent
1115 1630 1247 1713 exprimi.

284 1736 343 1798 Ed.
364 1738 508 1819 Hervagii
527 1737 610 1821 quod
627 1738 724 1798 solent
741 1749 796 1799 etc.
816 1737 923 1799 Lamb.
944 1756 1025 1821 quae
1048 1736 1150 1797 solent
1173 1756 1245 1797 com-

282 1845 475 1926 positissimae
499 1855 554 1905 etc.
573 1845 684 1925 'Vulgo
710 1846 884 1927 scripsisset:
909 1844 1098 1905 Hterularum
1123 1855 1247 1913 mmm,

286 1970 364 2033 quae
383 1952 479 2013 solent
496 1953 883 2034 compositissimae—esse.
905 1951 989 2013 Haec
1008 1951 1198 2011 constructio
1215 1950 1246 2008 si·

284 2057 366 2117 milis
391 2069 437 2119 est
456 2058 614 2120 Caeliauee
635 2061 850 2119 constructioni
871 2061 903 2118 in
922 2076 970 2140 ep.
991 2056 1172 2127 CCXXIII,
1190 2053 1246 2115 tu·

286 2166 357 2225 mibi
376 2187 435 2226 non
463 2163 590 2226 deducet
609 2188 675 2238 eas,
694 2186 771 2248 quae
790 2164 930 2226 advectae
951 2175 1054 2237 eram,
1074 2161 1245 2244 Ascr'canaet

284 2282 317 2332 et
334 2272 468 2333 eiusdem
483 2273 635 2333 Ciceronis
648 2294 695 2355 ep.
708 2272 859 2334 DCCCIII
871 2272 1039 2333 statuebam
1049 2290 1167 2343 omnes,
1179 2288 1245 2352 attae

284 2408 325 2424 —-
337 2391 433 2439 essent
449 2401 521 2462 opes
546 2381 723 2463 copiaeque,
742 2392 809 2441 treas
833 2400 903 2440 esse.
924 2380 1007 2439 Tum
1027 2398 1102 2439 mss.
1130 2376 1244 2460 quidam

284 2504 354 2544 cum
375 2484 454 2545 Aldo
474 2476 686 2567 copiosissimae
706 2498 736 2546 ct
755 2488 792 2547 cl.
812 2507 882 2548 csse.

245 2589 264 2650 3
285 2591 375 2651 Multi
395 2590 465 2651 libri
486 2591 569 2676 quod
589 2595 664 2664 ista,·
683 2594 841 2674 vulgatum
862 2602 976 2652 rectum
999 2601 1030 2651 et
1050 2591 1183 2672 elegans.

244 2698 266 2774 4
286 2697 344 2758 Ed.
358 2699 442 2771 Alai,
456 2700 548 2761 Herv.
569 2722 636 2760 cum
647 2699 744 2780 fiebre.
764 2700 900 2761 Eandem
915 2701 1153 2759 inconstantiam
1167 2716 1244 2782 prae·

286 2805 419 2866 scierunt
436 2809 467 2867 in
480 2807 619 2869 ablativis
632 2809 691 2868 cive
706 2819 736 2868 et
749 2829 822 2868 naue
843 2807 912 2868 libri
933 2805 1032 2865 multi.
1056 2807 1143 2865 Tum
1164 2804 1243 2865 iidem

284 2912 380 2972 Aldus
401 2924 431 2972 et
452 2913 544 2975 Herv.
566 2917 665 2977 statIm
688 2915 847 2974 Perculsus
867 2914 1051 2972 vehementer
1069 2912 1138 2973 etc'

244 3014 265 3076 5
285 3017 393 3078 Lamb.
415 3020 463 3078 illc
484 3033 513 3079 et
532 3023 588 3081 sibi
605 3022 711 3096 visum3
732 3022 784 3081 sed
805 3021 883 3081 infra
904 3031 935 3078 ut
955 3019 1029 3079 ertit
1050 3021 1104 3079 tibi
1123 3032 1197 3080 esset
1213 3019 1229 3078 i.

244 3120 265 3182 6
284 3124 364 3184 Vide
378 3124 478 3208 adep.
493 3127 666 3202 CLXXXI,
684 3151 714 3202 1,
727 3140 758 3190 et
770 3129 859 3210 plura
872 3126 962 3187 huius
975 3125 1144 3188 locutionis
1158 3145 1244 3188 exem·

282 3231 387 3315 plain
407 3232 513 3295 indice.

244 3361 263 3424 7
283 3339 429 3423 Proprie:
452 3341 592 3404 Observa
612 3343 836 3405 conturbatoris
848 3342 1059 3403 Philotimiam
1073 3363 1172 3424 quam
1187 3361 1243 3400 ma-

281 3449 372 3508 xime.
392 3449 473 3510 Vide
502 3452 540 3510 ad
562 3473 608 3534 ep.
630 3451 855 3525 CCLXXXIV,
875 3451 903 3511 5.
925 3449 1094 3527 Quomodo
1116 3451 1150 3509 in
1170 3449 1244 3531 epist.

285 3555 437 3617 CCXLIV
453 3559 471 3618 3
486 3558 673 3642 Appietatem
693 3571 722 3621 et
744 3559 950 3620 Lentulitatem
963 3557 1051 3617 finxit
1068 3578 1105 3618 ex
1120 3557 1246 3618 nomini·

283 3660 341 3724 bus
356 3665 451 3747 Appii
461 3677 492 3727 et
505 3666 638 3742 Lentuli,
658 3670 700 3728 sic
713 3667 773 3728 hoc
793 3668 861 3728 loco
882 3687 988 3747 graeca
1000 3686 1076 3725 voce
1097 3663 1246 3736 φιλοτιμίαν

282 3791 354 3831 usus
375 3773 414 3832 ad
434 3772 634 3836 Philotimum
663 3775 897 3857 designandum,
918 3774 980 3836 sive
999 3771 1163 3834 Philotimi
1191 3790 1249 3830 am·

282 3872 427 3939 bitionem
449 3892 480 3943 et
501 3882 695 3966 cupiditatem
716 3882 858 3946 habendi.
906 3904 909 3910 ·
