2626 4854
444 349 483 396 ru
508 343 698 395 srrsroxts
1002 322 1074 420 345

64 454 85 515 8
107 454 196 531 Quae
217 450 328 511 scilicet
349 448 391 508 illi
412 469 430 508 a
449 448 591 519 Praeeio,
605 446 731 507 sortasse
745 446 952 511 iureconsulto
970 449 1075 532 (epist

93 558 298 639 CXXXIX),
318 555 450 618 obvenit
471 556 593 616 Amicos
614 565 716 619 autem
733 552 773 614 ab
788 557 894 617 amicis
908 554 1075 619 obtinuisse

105 668 282 748 frequenter
301 662 517 734 hereditatem,
538 671 649 722 notum
668 671 713 722 est
733 660 883 734 omnibus.
910 661 983 724 Mox
1002 661 1073 725 libri

104 774 194 835 multi
216 792 286 834 oum
306 769 414 831 Lamb.
432 789 556 852 prorsus
576 768 659 830 illam
679 788 715 828 ue
734 768 868 849 attingat.
1066 842 1070 851 Ι

63 905 84 965 9
102 883 254 942 Nimirum
275 877 450 939 Philotimo.
470 877 542 937 Mox
564 875 668 937 lunius
682 895 699 936 e
713 873 833 936 duobus
852 895 923 939 mss.
937 895 1072 938 nummos

103 989 176 1049 mihi
193 1008 255 1047 esse
275 984 422 1062 defendit3
443 983 528 1067 quod
556 993 658 1046 umen
678 993 784 1045 contra
809 982 868 1045 loci
895 985 1073 1046 sententiam

101 1105 228 1179 pugnat.

68 1223 103 1264 ro
124 1202 262 1264 Ciliciam
283 1200 370 1260 fratri
390 1198 660 1260 administrandam
674 1197 846 1273 tradidisse3
867 1197 950 1280 quod
963 1218 1070 1258 verum

102 1330 167 1370 non
188 1318 270 1384 erat3
291 1327 362 1390 epp.
377 1306 564 1380 CCLXlV,x
582 1315 612 1368 et
625 1305 816 1380 CCLXVlll,
834 1304 1072 1383 1;chxXVt,

100 1416 138 1493 43
160 1414 364 1487 cccxxiii,
382 1413 411 1492 4.
813 1400 816 1406 ’

64 1541 96 1582 ιι
121 1514 282 1583 Sobtitaius
301 1521 392 1580 tacite
411 1518 519 1581 odeon’
531 1538 616 1599 crgo,·
635 1519 763 1592 rectius,
782 1528 867 1602 puto.

63 1646 99 1688 ια
118 1627 179 1709 Ep.
200 1626 397 1698 CCLXXVI,
416 1627 446 1704 4.
467 1625 622 1690 Victorius
646 1624 759 1697 ὶπὲχιιν
783 1637 827 1685 ter
848 1624 994 1687 scribebas
1018 1644 1068 1686 ca·
1132 1656 1134 1661 ·

100 1732 246 1814 stigabat3
266 1732 316 1792 alii
337 1735 428 1795 etiam
450 1735 471 1788 l.
500 1732 721 1794 interscribebas
740 1752 757 1794 c
778 1753 849 1793 mss.

56 1840 97 1900 113
120 1841 158 1900 ln
177 1841 351 1923 provincia,
371 1838 412 1899 ob
432 1837 464 1899 id
486 1839 569 1921 quod
589 1838 664 1900 dixit
683 1841 716 1899 in
737 1859 784 1922 ep.
806 1838 921 1900 eadem.
992 1868 995 1874 ·

60 1947 99 2024 14
117 1947 167 2007 De
188 1967 251 2028 quo
271 1967 319 2029 ep.
339 1945 565 2019 CCLXXXIV,
590 1967 615 2007 r.

60 2051 99 2112 15
118 2051 199 2114 Edd.
220 2054 296 2114 lens.
317 2062 348 2114 et
367 2053 460 2114 Herv.
481 2054 550 2113 item
572 2055 688 2137 (prima
708 2074 781 2114 vere
801 2051 900 2134 idem)
921 2051 960 2114 de
972 2051 1071 2115 Dola·

98 2160 189 2222 bella.
209 2159 378 2242 Vulgatum
390 2159 478 2221 idest
490 2162 606 2242 optime
619 2160 801 2243 explicatur,
822 2180 917 2242 quum
938 2171 1069 2243 uterque

97 2269 194 2328 iuncti
214 2268 409 2327 matrimonio
430 2267 552 2328 fuerint.
575 2236 764 2342 Ῥενεοήύεε,
784 2267 939 2350 quomodo
965 2268 1070 2329 vivant

95 2376 178 2436 inter
203 2394 244 2434 se.
270 2373 321 2434 Sic
346 2372 461 2435 habent
480 2373 569 2435 Amb.
600 2373 651 2448 16,
675 2375 771 2436 Laud.
799 2386 830 2437 et
859 2373 926 2436 edd.
953 2374 1010 2436 Ro.
1039 2385 1071 2436 ct

95 2480 174 2542 lens.
187 2480 292 2562 Vulgo
302 2481 468 2562 perscribas
473 2505 483 2556 ,·
504 2481 588 2564 quod
602 2483 702 2563 ipsum
723 2502 785 2542 non
799 2503 817 2542 a
831 2481 977 2543 Cicerone
997 2480 1070 2543 alie-

94 2608 172 2648 num
192 2608 257 2649 esse
275 2587 410 2649 indicant
436 2587 504 2649 loca
529 2604 599 2670 epp.
625 2588 710 2661 CIX,
731 2589 766 2660 3,
787 2587 913 2650 CXCVI
937 2597 1012 2649 extr.
1036 2597 1068 2648 et

96 2694 180 2767 CCI,
200 2694 219 2755 3
239 2705 330 2768 exta,
349 2697 373 2755 si
394 2705 496 2756 tamen
518 2714 590 2756 cana
610 2705 696 2768 sunt,
716 2694 800 2778 quod
821 2693 940 2755 dubito.

60 2800 96 2862 16
117 2803 144 2863 A
164 2801 340 2863 censoribus
361 2801 400 2862 ad
420 2812 575 2875 senatum,
593 2812 629 2862 ut
644 2802 706 2863 SC.
728 2801 783 2862 fiat
796 2801 834 2863 de
848 2812 950 2862 sumtu
964 2801 1067 2882 signo-

94 2929 184 2981 rum,
196 2907 413 2969 ettabularum
428 2907 604 2970 coiircendo.
619 2907 736 2970 Manat.
749 2909 867 2992 Appius
878 2929 934 2992 per
947 2886 1073 2970 id'tem-¹

93 3036 153 3099 pus
174 3017 322 3076 acerrime
347 3014 407 3076 hoc
427 3014 553 3098 agebat3
573 3015 644 3078 vide
664 3036 743 3098 quae
767 3014 898 3091 dipimus
919 3014 959 3075 ad
979 3016 1066 3097 epist.

95 3122 281 3194 chxxx,
302 3122 329 3183 3.
350 3122 438 3183 Multi
460 3122 530 3184 libri
551 3122 767 3205 refirmatum,
789 3120 873 3204 quod
896 3121 1067 3205 Malaspina
1172 3112 1176 3119 ⁸

92 3227 221 3313 probat,
241 3229 440 3311 intelligitque
460 3229 499 3291 de
519 3228 681 3303 aedilibus,
701 3233 754 3312 qui
776 3229 894 3293 tabulas
919 3231 1066 3311 signaque

92 3347 126 3398 et
145 3336 206 3398 alia
220 3347 413 3409 ornamenta,
433 3358 452 3397 a
472 3337 646 3398 civitatibus
668 3348 776 3398 mutuo
791 3335 830 3396 ad
844 3335 988 3398 ludorum
1002 3355 1068 3395 ma·

92 3441 302 3526 gnificentiam
316 3453 455 3526 accepta,
468 3446 627 3506 restituere
641 3442 852 3526 negligebant,
865 3464 901 3504 ea
915 3445 947 3503 in
961 3441 1066 3502 hortos

90 3570 166 3612 suos
185 3549 403 3634 adsportantes.
425 3549 486 3611 Sed
507 3572 569 3633 quo
590 3573 681 3612 sensu
707 3553 837 3635 accipiat
864 3548 994 3612 verbum
1020 3568 1067 3608 re·

77 3656 241 3741 fimatur,
260 3678 323 3719 non
343 3657 434 3730 bene,
453 3668 489 3718 ut
509 3657 586 3719 mibi
606 3659 743 3733 uidetur,
763 3657 923 3741 expedivit

50 3786 89 3847 ¹7
113 3764 308 3826 Adducturus
329 3776 402 3826 erat.
417 3765 541 3827 Corrnd.
563 3766 686 3841 Cicero,
703 3787 799 3849 quum
810 3765 924 3827 nesciat
936 3762 976 3825 ad
990 3761 1065 3846 quid

92 3872 279 3935 Caesareas
305 3873 437 3958 legiones
466 3872 654 3938 Placentiam
682 3874 828 3949 adducat,
856 3872 935 3951 male
962 3883 1066 3936 tamen
