2626 4854
164 334 172 349 ’
261 352 333 425 3¹0
629 368 900 418 tusortrtouns

300 473 412 535 Sensus
432 483 491 533 est:
512 492 545 532 se
564 471 800 554 supplicationes
827 466 981 531 Ciceronis
1001 471 1033 528 in
1061 489 1136 528 essm
1156 490 1261 529 aunum

298 590 362 642 non
382 578 566 652 indicturos,
579 580 695 640 etiamsi
709 578 849 639 decretae
870 598 889 636 a
909 586 1015 637 senatu
1032 587 1141 637 esseut
1164 578 1262 658 ltaque

298 699 329 750 et
343 688 482 749 Ciceroni
503 697 533 749 et
553 677 678 749 Curioni
691 697 889 769 prospectum
903 686 946 745 sic
960 693 1043 755 erat,
1056 693 1093 743 ut
1107 682 1188 743 bene
1202 705 1261 744 nio-

297 798 365 856 nuit
377 795 526 869 Rutilius,
541 814 637 877 qurum
651 793 728 854 alter
740 795 849 877 petitus
864 792 1103 874 supplicationes
1117 790 1261 851 obtinuis-

297 914 358 975 set,
378 911 410 963 et
429 903 506 963 alter
518 920 576 985 per
587 922 659 963 eum
673 922 786 961 annum
800 920 863 961 non
876 894 1080 982 impediretur
1094 897 1136 958 ab
1149 898 1260 980 agendo

297 1032 368 1071 cum
387 1009 513 1093 populo.
535 1009 641 1090 ltaque
654 1011 784 1069 mulotes
799 1009 914 1090 gratiae
935 1006 1043 1068 Paullo
1064 1017 1155 1066 erant
1175 1027 1259 1087 agen-

297 1116 368 1188 dae,
389 1118 462 1197 quia
483 1116 532 1175 ille
551 1118 583 1176 in
604 1114 652 1175 his
675 1114 947 1198 supplicationibus
972 1114 1112 1175 Ciceroni
1141 1113 1261 1173 decretis

297 1243 382 1304 spem
402 1221 549 1295 habebat,
570 1224 687 1283 etiamsi
708 1244 759 1283 eas
772 1222 813 1282 ad
829 1221 960 1283 alterum
980 1240 1096 1282 annum
1116 1219 1261 1293 differret,

296 1348 389 1410 quam
409 1328 569 1401 Marcello,
589 1331 643 1410 qui
664 1348 696 1389 se
715 1348 779 1391 uon
804 1346 940 1411 speram
954 1326 1074 1389 l'uturas
1100 1329 1176 1388 istas
1195 1348 1260 1409 sup

295 1435 473 1517 plicationes
493 1435 618 1496 dixerat.

255 1563 275 1623 9
295 1541 463 1624 Respondit
482 1543 518 1603 iis
538 1543 670 1613 scilicet,
690 1545 743 1624 qui
762 1541 810 1605 ad
833 1543 1010 1647 pactionem
1029 1540 1258 1602 ¹descenderant.

297 1646 448 1709 Graevius.
468 1647 524 1709 Sic
541 1649 717 1731 corrigebat
734 1649 832 1723 idm,
850 1640 884 1712 el
901 1640 1075 1711 reserabunt
1087 1661 1160 1732 post
1173 1650 1259 1710 Erne-

293 1758 384 1816 stium
406 1776 520 1818 omnes.
538 1757 643 1839 Vulgo
664 1756 741 1819 olim
758 1754 958 1840 respoudit
928 1778 957 1816 er
973 1751 1075 1838 spem,
1072 1754 1205 1817 Lamb.
1220 1778 1258 1816 re-

293 1861 415 1942 spondit
432 1884 459 1922 er
453 1848 619 1946 'afflue

162 1953 168 1968 ⁸
256 1988 293 2030 10
312 1970 492 2031 Nostrorum
512 1970 639 2054 plurimi
661 1991 731 2031 cum
752 1970 824 2032 Rec.
846 1984 906 2031 tion
923 1964 1073 2032 dictumue
1079 2017 1090 2046 ,
1112 1992 1172 2054 pro
1191 1971 1258 2032 iudi·

293 2089 418 2137 crurum.
441 2078 628 2138 Tertiusdec.
650 2088 680 2138 ct
700 2079 771 2138 Rec.
792 2068 938 2138 omittunt
958 2098 1027 2138 nors
1118 2128 1122 2139 ,

255 2202 286 2242 rr
310 2183 354 2246 Vt
374 2183 455 2244 diem
468 2183 604 2245 'dicendo
625 2195 831 2258 consumeret,
851 2206 890 2246 na
910 2185 968 2245 SC.
983 2184 1051 2246 fieri
1065 2198 1177 2268 posset.
1191 2187 1255 2246 Mo-

290 2301 350 2348 uut.
371 2291 453 2351 Tum
463 2291 651 2372 prendimus,
664 2294 856 2373 rogavimus,
871 2292 931 2354 vid.
945 2292 1047 2376 adep.
1061 2293 1256 2365 mxxix,

290 2407 354 2456 not.
375 2397 404 2458 8.
426 2398 514 2459 Amb.
541 2401 575 2460 13
597 2411 626 2462 et
651 2399 686 2460 15
707 2422 778 2461 cum
799 2399 866 2462 edd.
887 2421 932 2483 pr.
950 2402 1043 2482 preire
1091 2403 1171 2464 inus.

252 2510 287 2562 1'2
308 2503 399 2565 Multi
420 2504 508 2578 libri,
529 2518 559 2568 et
581 2507 703 2589 quidem
727 2510 861 2591 optimae
881 2518 990 2581 notae,
1008 2507 1049 2569 de
1108 2511 1170 2569 stiis
1192 2530 1254 2588 uge-

286 2624 419 2671 retur—
432 2615 460 2674 si
480 2626 511 2675 ut
531 2629 746 2688 numeraretur,
770 2615 855 2698 quod
875 2616 1031 2678 Victorius
1053 2619 1186 2699 recepit,
1205 2618 1255 2676 etsi

267 2728 402 2780 ‘morem
424 2720 506 2782 hunc
534 2723 710 2785 numerandi
735 2725 844 2784 hostias
868 2725 989 2804 penitus
1018 2726 1179 2804 cognitum
1197 2744 1255 2783 uon

284 2823 421 2887 haberet.
441 2829 543 2889 Etiam
564 2833 596 2890 in
616 2853 663 2914 ep.
686 2832 769 2902 CLl,
794 2853 804 2890 1
830 2829 868 2889 ad
890 2831 1044 2908 Quintum
1065 2830 1208 2891 Fratrem
1221 2829 1254 2889 li-

284 2933 333 2992 bri
354 2933 495 2996 meliores
515 2935 631 2999 habent
650 2940 763 2998 iuterim
783 2940 846 3021 ipse
866 2936 983 2997 deeinzo
1003 2935 1069 3010 die,
1087 2958 1152 3020 quo
1165 2938 1254 3019 ipsum

283 3041 440 3118 oportebat
458 3043 618 3105 hostiarum
631 3068 784 3107 numerum
804 3057 834 3105 et
853 3046 977 3106 militum
991 3048 1183 3118 renuncr'are,
1198 3066 1254 3105 non

282 3144 408 3205 hostium
438 3170 598 3212 nzeuterum.
626 3155 708 3213 Tum
736 3116 965 3214 numerarentrffi
984 3154 1106 3234 primus
1134 3152 1251 3214 Lambi-

281 3270 356 3322 nus,
377 3255 460 3333 quod
481 3260 593 3333 sciam,
612 3258 719 3336 habet3
741 3259 870 3320 subaudi
892 3261 988 3319 hostes
1013 3260 1169 3342 interjecti.
1197 3259 1251 3337 Qui

280 3359 516 3441 supplicationes
536 3366 748 3448 postulabant,
770 3378 886 3428 certum
901 3360 1073 3427 occisorum
1095 3385 1251 3427 numerum

278 3468 418 3548 prolerre
448 3471 608 3536 debebant.
636 3477 675 3536 At
697 3475 805 3536 Cicero
831 3475 863 3535 id
886 3474 984 3534 solum
1007 3475 1131 3556 scripsit
1155 3475 1251 3556 (epist

278 3573 515 3653 CCXXXVlIl,
532 3584 623 3661 1),se
638 3604 783 3665 magnum
803 3582 939 3643 hostium
954 3602 1123 3642 numerum
1138 3580 1251 3642 interfe-

277 3681 361 3742 cisse.
383 3684 406 3744 Ι.
428 3686 464 3746 F.
486 3688 659 3750 Gronovius
674 3691 814 3774 explanat
829 3702 861 3750 ut
875 3700 1106 3749 uuuserurentur
1117 3689 1157 3750 de
1172 3709 1250 3749 sena-

276 3786 413 3864 toribus,
434 3796 693 3875 quemadmodum
715 3798 845 3858 diximus
864 3796 906 3856 ad
927 3817 973 3880 ep.
992 3797 1212 3866 CLXXXVII,
1226 3813 1249 3852 2.

242 3890 277 3951 13
298 3893 369 3957 Msti
391 3899 479 3965 codd.
502 3916 642 3987 quoquot
663 3916 783 3968 suntet
803 3902 915 3968 Ambb.
937 3916 969 3966 ct
989 3904 1041 3966 alii
1056 3906 1113 3988 qui
1131 3917 1160 3966 et
1179 3906 1249 3965 locu·
