2626 4854
258 335 332 419 358
624 352 897 405 essorirronns

299 462 357 523 tori
368 461 464 531 uncti,
476 457 525 519 vei
539 469 741 519 testamcutum
753 456 793 517 dc
805 456 943 528 ωηοήο.
953 464 989 517 ut
1000 454 1101 516 edidit
1113 455 1261 518 Victorius

297 579 330 631 et
341 568 500 627 Graevius.
524 564 653 625 Manutii
675 567 823 627 correctio
843 561 1045 625 confirmetur
1065 562 1140 623 ioco
1161 566 1261 645 episto-

299 674 346 735 lae
367 672 528 743 CCXCIV,
547 671 581 733 6:
603 691 678 753 quas
697 692 813 733 nucum
825 672 1071 752 portohgitur,
1084 672 1191 751 inquit
1201 681 1261 752 post

299 780 503 860 Morgaltium
518 778 657 838 Olivetus
664 823 675 851 ,
695 777 733 838 de
753 787 943 848 testamento,
960 796 1023 836 non
1037 780 1121 839 serio
1136 777 1189 837 illo
1201 779 1261 857 qui-

299 888 385 960 dem,
399 886 451 947 sed
468 886 575 947 festivo
588 906 625 946 ac
638 885 773 957 ludicro,
787 884 1048 966 quemadmodum
1062 894 1141 943 tunc
1154 895 1261 964 tempo

300 996 343 1057 ric
363 992 430 1055 fieri
450 992 539 1053 solito
557 991 648 1053 fuisse
661 982 841 1053 testomentn
856 993 956 1051 innuit
969 990 1136 1053 Svetonius
1149 991 1181 1051 in
1194 989 1262 1051 Iulio

303 1121 328 1161 c.
342 1120 393 1160 20:
408 1097 553 1157 Nonnulli
564 1098 759 1168 urbanorum,
772 1118 864 1178 quum
877 1095 952 1179 quid
961 1117 1022 1179 per
1029 1098 1131 1159 mcum
1148 1095 1266 1156 mucidi

269 1250 275 1281 ·.
289 1207 396 1286 ,gioria
413 1206 562 1284 si'gnorent
581 1214 637 1265 etc.
665 1204 762 1283 dignis
788 1205 986 1284 obsignatum,
1013 1214 1115 1285 quum
1136 1204 1204 1284 quis
1224 1213 1264 1262 to-

304 1322 487 1374 stamcntum
513 1311 707 1383 conficiebat,
737 1311 863 1372 ederant
888 1321 980 1375 testes
1005 1331 1044 1373 cx
1068 1313 1196 1382 amicis,
1219 1312 1265 1391 qui

304 1429 518 1495 testamentum
537 1416 756 1500 obsignabant,
775 1417 836 1478 hoc
856 1428 901 1481 est
919 1420 1125 1501 impressione
1137 1415 1266 1479 occlude·

302 1527 391 1599 bant,
414 1546 493 1608 quae
517 1524 689 1607 obsignatio
713 1524 945 1607 subscriptionis
970 1525 1042 1589 ioco
1060 1534 1156 1587 eret.-
1171 1524 1266 1583 lunius

173 1680 181 1701 .
304 1632 484 1695 coniiciehat
501 1634 590 1694 nium
610 1631 784 1693 Οἰσενοηωη
803 1631 1106 1712 ss‘gunobsignotum
1127 1630 1180 1691 elii
1198 1627 1265 1689 doo-

303 1761 369 1799 rum
390 1738 561 1803 Ciceronum
582 1750 638 1801 etc.

255 1868 299 1919 :rr
322 1848 392 1909 Non
411 1845 604 1927 intelligenda
617 1857 662 1907 est
673 1845 783 1907 cohors
799 1846 938 1913 militaris
951 1849 1127 1929 praetoria,
1139 1845 1196 1907 ced
1208 1845 1268 1918 iiia,

295 1974 383 2036 ‘quae
395 1957 520 2015 comites
532 1954 680 2036 praetoris
698 1951 848 2025 habebnt,
861 1953 1048 2035 praefectos,
1062 1951 1200 2023 sciibos,
1210 1972 1266 2013 me

304 2060 387 2122 dicos
408 2073 463 2123 etc.
488 2061 581 2140 Quod
600 2081 642 2123 ex.
656 2081 694 2123 co
714 2061 892 2141 intelligitur
915 2061 1018 2134 facile,
1040 2064 1117 2143 quie
1139 2061 1269 2125 militaris

302 2167 438 2237 cohortis
458 2171 544 2249 signe
558 2188 624 2229 non
645 2173 794 2250 cepissent
812 2167 945 2231 tabulae.
965 2169 1087 2229 Emcst.
1114 2202 1118 2229 2
1165 2226 1168 2231 .

269 2294 304 2336 rn
325 2274 440 2356 Supple
461 2272 612 2335 heredem.
633 2273 783 2341 Heredem
791 2275 896 2357 palam
907 2275 1077 2357 *focem
1089 2286 1129 2336 ut
1141 2277 1269 2337 iambo

173 2388 176 2395 '
265 2444 268 2449 ,
304 2385 366 2445 sius
385 2385 522 2453 mourut,
542 2392 588 2441 est
607 2402 677 2441 eum
697 2386 740 2443 sic
759 2381 877 2454 fecere.
896 2393 931 2445 ut
947 2384 1150 2464 nuncupatio
1164 2385 1270 2445 atou-

263 2530 277 2551 -.
294 2489 509 2551 -bus-excudiri
523 2492 625 2571 possit.
639 2489 751 2550 Confer
763 2491 914 2571 Digestor.
929 2488 981 2550 iib.
996 2490 1234 2564 xxV111‚-.'ris
1246 2491 1271 2561 1,

305 2597 362 2678 leg.
384 2618 436 2668 21,
457 2617 491 2656 ex
512 2596 637 2677 leiani
652 2596 702 2655 lib.
718 2597 746 2657 11
760 2596 800 2657 nd
816 2596 972 2657 Sabinum.
995 2595 1122 2657 Schic'tz.
1145 2599 1219 2659 Mox
1232 2596 1273 2655 Li-

258 2740 262 2772 ;
307 2705 386 2765 bello
406 2703 473 2773 hoo,
485 2707 516 2769 in
538 2703 606 2765 loco
620 2704 795 2785 accipienda
808 2715 854 2767 est
866 2724 923 2786 pro
936 2703 1060 2764 decime
1071 2716 1165 2786 parte
1178 2715 1272 2766 sester-

306 2815 339 2872 tii
363 2812 462 2888 (vide,
483 2814 537 2882 sis,
557 2832 711 2891 argumen.
733 2811 816 2891 apud
835 2814 879 2873 10.
900 2811 990 2871 Fred.
1007 2812 1229 2884 Gronnvinm,
1243 2810 1272 2871 de

234 2905 236 2911 ¹
305 2918 441 2979 Pecunia
452 2917 674 3005 vet.-.·lib.31·i,·c.
690 2938 724 2989 α,
738 2940 806 3000 pag.
821 2917 862 2994 54
874 2928 903 2978 et
917 2916 958 2977 55
971 2918 1043 2978 edit.
1059 2917 1166 3001 1691).
1180 2921 1272 2997 Quum

309 3035 410 3091 autem
432 3024 585 3089 Ciceronis
605 3036 702 3087 aetate
722 3027 874 3087 sestertius
904 3034 1058 3085 constaret
1083 3047 1122 3085 ex
1154 3038 1273 3108 quatum

310 3130 441 3201 assibus,
462 3152 595 3211 quorum
621 3135 828 3214 unusquisque
859 3152 893 3192 12
921 3134 1024 3191 uncins
1054 3132 1202 3206 valebat,
1219 3134 1273 3214 qui·

311 3256 372 3317 que
397 3237 489 3302 simul
516 3241 605 3299 sumti
628 3259 784 3303 summam
810 3241 968 3299 unciarum
989 3237 1031 3315 48
1058 3240 1271 3312 conficiebant3

285 3341 383 3407 shinc
401 3363 442 3405 cx
460 3346 563 3407 libella
582 3346 663 3407 idem
684 3357 729 3424 est
754 3357 845 3427 atque
866 3367 900 3406 ex
922 3345 1042 3405 decimu
1070 3360 1165 3428 parte
1185 3349 1271 3408 uncie·

311 3471 381 3512 rum
401 3448 457 3527 48..
469 3452 522 3537 Ειι11
533 3451 638 3517 ,libella
658 3455 760 3534 itaque
775 3463 868 3514 estex
885 3453 1035 3531 unciisxi,
1057 3455 1184 3516 sicilicis
1204 3456 1235 3526 3,
1247 3462 1270 3512 et

311 3559 473 3640 scriptule,
494 3562 554 3621 sive
577 3561 710 3643 scripulo
737 3561 845 3622 ferme.
858 3561 1051 3636 uno¹.(uncia
1070 3562 1162 3622 enim
1190 3561 1271 3645 perti-

312 3676 363 3726 tur
380 3669 411 3726 iu
424 3666 445 3743 4
458 3665 742 3741 sicilicos‚.sicilicus
755 3672 786 3728 in
799 3669 820 3744 4
833 3667 1169 3749 scriptulaasecundum
1180 3672 1270 3752 ipsum

311 3775 530 3855 Gronovium).
551 3776 613 3838 Ex*
629 3780 759 3837 teruncio
785 3797 858 3837 vero
887 3776 956 3856 (qui
983 3787 1052 3834 erat
1080 3788 1195 3858 quarta
1213 3792 1271 3858 pars

313 3886 400 3955 ossis,
420 3860 506 3964 paesi
527 3884 665 3945 niuniu
684 3905 703 3943 o
724 3883 821 3946 tribus
841 3883 938 3942 unciis
957 3880 1082 3962 dictus>
1105 3895 1155 3957 est
1173 3903 1209 3943 ex
1227 3899 1272 3939 un·
