<?xml version="1.0" encoding="UTF-8"?>
<!DOCTYPE html PUBLIC "-//W3C//DTD XHTML 1.0 Transitional//EN"
    "http://www.w3.org/TR/xhtml1/DTD/xhtml1-transitional.dtd">
<html xmlns="http://www.w3.org/1999/xhtml" xml:lang="en" lang="en">
 <head>
  <title>
</title>
<meta http-equiv="Content-Type" content="text/html;charset=utf-8" />
  <meta name='ocr-system' content='tesseract 3.04.00' />
  <meta name='ocr-capabilities' content='ocr_page ocr_carea ocr_par ocr_line ocrx_word'/>
</head>
<body>
  <div class='ocr_page' id='page_1' title='image "./mtulliiciceroni59cicegoog/mtulliiciceroni59cicegoog_0296.png"; bbox 0 0 2626 4854; ppageno 0'>
   <div class='ocr_carea' id='block_1_1' title="bbox 57 347 1069 4056">
    <p class='ocr_par' dir='ltr' id='par_1_1' title="bbox 432 347 1056 432">
     <span class='ocr_line' id='line_1_1' title="bbox 432 347 1056 432; baseline 0.005 -36"><span class='ocrx_word' id='word_1_1' title='bbox 432 348 469 397; x_wconf 76' lang='lat' dir='ltr'><strong>lii</strong></span> <span class='ocrx_word' id='word_1_2' title='bbox 496 347 685 399; x_wconf 71' lang='lat' dir='ltr'><strong>ttetsronlls</strong></span> <span class='ocrx_word' id='word_1_3' title='bbox 991 359 1056 432; x_wconf 79' lang='grc'><strong>291</strong></span> 
     </span>
    </p>

    <p class='ocr_par' dir='ltr' id='par_1_2' title="bbox 61 446 1068 535">
     <span class='ocr_line' id='line_1_2' title="bbox 61 446 1068 535; baseline 0.012 -26"><span class='ocrx_word' id='word_1_4' title='bbox 61 471 94 509; x_wconf 79' lang='lat' dir='ltr'><strong>ru</strong></span> <span class='ocrx_word' id='word_1_5' title='bbox 117 448 198 509; x_wconf 84' lang='lat' dir='ltr'><strong>Alias</strong></span> <span class='ocrx_word' id='word_1_6' title='bbox 227 446 365 509; x_wconf 83' lang='lat' dir='ltr'><strong>absolute</strong></span> <span class='ocrx_word' id='word_1_7' title='bbox 394 446 500 511; x_wconf 86' lang='lat' dir='ltr'><strong>Cicero</strong></span> <span class='ocrx_word' id='word_1_8' title='bbox 527 449 721 511; x_wconf 72' lang='lat' dir='ltr'><em>conscendere</em></span> <span class='ocrx_word' id='word_1_9' title='bbox 752 451 847 524; x_wconf 85' lang='lat' dir='ltr'><strong>dicit,</strong></span> <span class='ocrx_word' id='word_1_10' title='bbox 868 454 943 535; x_wconf 90' lang='lat' dir='ltr'><strong>quin</strong></span> <span class='ocrx_word' id='word_1_11' title='bbox 964 476 1068 521; x_wconf 81' lang='lat' dir='ltr'><strong>narem</strong></span> 
     </span>
    </p>

    <p class='ocr_par' dir='ltr' id='par_1_3' title="bbox 95 552 1067 641">
     <span class='ocr_line' id='line_1_3' title="bbox 95 552 1067 641; baseline 0.007 -26"><span class='ocrx_word' id='word_1_12' title='bbox 95 555 196 615; x_wconf 84' lang='lat' dir='ltr'><strong>addat.</strong></span> <span class='ocrx_word' id='word_1_13' title='bbox 231 552 413 614; x_wconf 81' lang='lat' dir='ltr'><strong><em>Laodiceam</em></strong></span> <span class='ocrx_word' id='word_1_14' title='bbox 432 558 562 628; x_wconf 78' lang='lat' dir='ltr'><strong>revertit,</strong></span> <span class='ocrx_word' id='word_1_15' title='bbox 594 567 630 616; x_wconf 91' lang='lat' dir='ltr'><strong>ut</strong></span> <span class='ocrx_word' id='word_1_16' title='bbox 659 557 690 617; x_wconf 88' lang='lat' dir='ltr'><strong>in</strong></span> <span class='ocrx_word' id='word_1_17' title='bbox 723 560 881 641; x_wconf 87' lang='lat' dir='ltr'><strong>provincia</strong></span> <span class='ocrx_word' id='word_1_18' title='bbox 914 560 1067 625; x_wconf 80' lang='lat' dir='ltr'><strong>Ciceronis</strong></span> 
     </span>
    </p>

    <p class='ocr_par' dir='ltr' id='par_1_4' title="bbox 95 659 1069 831">
     <span class='ocr_line' id='line_1_4' title="bbox 95 659 1069 751; baseline 0.009 -30"><span class='ocrx_word' id='word_1_19' title='bbox 95 681 224 743; x_wconf 86' lang='lat' dir='ltr'><strong>operam</strong></span> <span class='ocrx_word' id='word_1_20' title='bbox 246 659 350 734; x_wconf 85' lang='lat' dir='ltr'><strong>daret,</strong></span> <span class='ocrx_word' id='word_1_21' title='bbox 370 681 408 722; x_wconf 88' lang='lat' dir='ltr'><strong>ne</strong></span> <span class='ocrx_word' id='word_1_22' title='bbox 430 669 519 724; x_wconf 87' lang='lat' dir='ltr'><strong>testes</strong></span> <span class='ocrx_word' id='word_1_23' title='bbox 533 665 564 723; x_wconf 90' lang='lat' dir='ltr'><strong>in</strong></span> <span class='ocrx_word' id='word_1_24' title='bbox 577 673 607 725; x_wconf 90' lang='lat' dir='ltr'><strong>te</strong></span> <span class='ocrx_word' id='word_1_25' title='bbox 619 663 750 729; x_wconf 78' lang='lat' dir='ltr'><strong>Romam</strong></span> <span class='ocrx_word' id='word_1_26' title='bbox 765 666 863 739; x_wconf 87' lang='lat' dir='ltr'><strong>irent,</strong></span> <span class='ocrx_word' id='word_1_27' title='bbox 883 677 918 731; x_wconf 92' lang='lat' dir='ltr'><strong>ut</strong></span> <span class='ocrx_word' id='word_1_28' title='bbox 930 667 1069 751; x_wconf 81' lang='lat' dir='ltr'><strong>explanat</strong></span> 
     </span>
     <span class='ocr_line' id='line_1_5' title="bbox 95 769 261 831; baseline -0.03 0"><span class='ocrx_word' id='word_1_29' title='bbox 95 769 261 831; x_wconf 83' lang='lat' dir='ltr'><strong>Manutius.</strong></span> 
     </span>
    </p>

    <p class='ocr_par' dir='ltr' id='par_1_5' title="bbox 59 873 1069 1255">
     <span class='ocr_line' id='line_1_6' title="bbox 59 873 1069 962; baseline 0.009 -28"><span class='ocrx_word' id='word_1_30' title='bbox 59 877 94 936; x_wconf 83' lang='grc'><strong>13</strong></span> <span class='ocrx_word' id='word_1_31' title='bbox 117 875 245 935; x_wconf 87' lang='lat' dir='ltr'><strong>Sensum</strong></span> <span class='ocrx_word' id='word_1_32' title='bbox 260 873 376 935; x_wconf 80' lang='lat' dir='ltr'><strong>facilius</strong></span> <span class='ocrx_word' id='word_1_33' title='bbox 389 876 551 957; x_wconf 80' lang='lat' dir='ltr'><strong>percipiet,</strong></span> <span class='ocrx_word' id='word_1_34' title='bbox 571 878 625 956; x_wconf 90' lang='lat' dir='ltr'><strong>qui</strong></span> <span class='ocrx_word' id='word_1_35' title='bbox 640 897 728 937; x_wconf 86' lang='lat' dir='ltr'><strong>voces</strong></span> <span class='ocrx_word' id='word_1_36' title='bbox 742 878 784 937; x_wconf 89' lang='lat' dir='ltr'><strong>sic</strong></span> <span class='ocrx_word' id='word_1_37' title='bbox 797 877 967 940; x_wconf 81' lang='lat' dir='ltr'><strong>ordinabit:</strong></span> <span class='ocrx_word' id='word_1_38' title='bbox 987 879 1069 962; x_wconf 83' lang='lat' dir='ltr'><strong>Quin</strong></span> 
     </span>
     <span class='ocr_line' id='line_1_7' title="bbox 95 978 1069 1064; baseline 0.005 -22"><span class='ocrx_word' id='word_1_39' title='bbox 95 978 250 1042; x_wconf 83' lang='lat' dir='ltr'><strong>solicitudo</strong></span> <span class='ocrx_word' id='word_1_40' title='bbox 271 982 328 1041; x_wconf 80' lang='lat' dir='ltr'><strong>istu</strong></span> <span class='ocrx_word' id='word_1_41' title='bbox 347 983 385 1041; x_wconf 91' lang='lat' dir='ltr'><strong>sit</strong></span> <span class='ocrx_word' id='word_1_42' title='bbox 394 980 504 1062; x_wconf 85' lang='lat' dir='ltr'><strong>sutura</strong></span> <span class='ocrx_word' id='word_1_43' title='bbox 524 981 576 1042; x_wconf 84' lang='lat' dir='ltr'><strong>tibi</strong></span> <span class='ocrx_word' id='word_1_44' title='bbox 592 981 772 1064; x_wconf 80' lang='lat' dir='ltr'><strong>amplitudo.</strong></span> <span class='ocrx_word' id='word_1_45' title='bbox 787 983 899 1045; x_wconf 86' lang='lat' dir='ltr'><strong>Olivet.</strong></span> <span class='ocrx_word' id='word_1_46' title='bbox 920 988 960 1046; x_wconf 73' lang='lat' dir='ltr'><strong>At</strong></span> <span class='ocrx_word' id='word_1_47' title='bbox 978 988 1069 1047; x_wconf 88' lang='lat' dir='ltr'><strong>Lam·</strong></span> 
     </span>
     <span class='ocr_line' id='line_1_8' title="bbox 96 1084 1069 1175; baseline 0.008 -29"><span class='ocrx_word' id='word_1_48' title='bbox 96 1087 201 1160; x_wconf 88' lang='lat' dir='ltr'><strong>binus,</strong></span> <span class='ocrx_word' id='word_1_49' title='bbox 222 1084 339 1149; x_wconf 79' lang='lat' dir='ltr'><strong>Manut</strong></span> <span class='ocrx_word' id='word_1_50' title='bbox 359 1087 447 1149; x_wconf 89' lang='lat' dir='ltr'><strong>etde</strong></span> <span class='ocrx_word' id='word_1_51' title='bbox 468 1087 637 1150; x_wconf 88' lang='lat' dir='ltr'><strong>Franciscis</strong></span> <span class='ocrx_word' id='word_1_52' title='bbox 651 1090 722 1172; x_wconf 89' lang='lat' dir='ltr'><strong>quin</strong></span> <span class='ocrx_word' id='word_1_53' title='bbox 742 1090 793 1152; x_wconf 78' lang='lat' dir='ltr'><strong>uti</strong></span> <span class='ocrx_word' id='word_1_54' title='bbox 804 1089 993 1175; x_wconf 76' lang='lat' dir='ltr'><strong>amplitudini</strong></span> <span class='ocrx_word' id='word_1_55' title='bbox 1011 1095 1069 1154; x_wconf 82' lang='lat' dir='ltr'><strong>istc</strong></span> 
     </span>
     <span class='ocr_line' id='line_1_9' title="bbox 95 1192 330 1255; baseline 0.009 -3"><span class='ocrx_word' id='word_1_56' title='bbox 95 1192 253 1255; x_wconf 78' lang='lat' dir='ltr'><strong>solicitudo</strong></span> <span class='ocrx_word' id='word_1_57' title='bbox 274 1205 330 1255; x_wconf 88' lang='lat' dir='ltr'><strong>etc.</strong></span> 
     </span>
    </p>

    <p class='ocr_par' dir='ltr' id='par_1_6' title="bbox 60 1300 1067 2238">
     <span class='ocr_line' id='line_1_10' title="bbox 60 1300 1066 1390; baseline 0.011 -31"><span class='ocrx_word' id='word_1_58' title='bbox 60 1303 97 1378; x_wconf 78' lang='grc'><strong>14</strong></span> <span class='ocrx_word' id='word_1_59' title='bbox 118 1300 212 1377; x_wconf 89' lang='lat' dir='ltr'><strong>Quod</strong></span> <span class='ocrx_word' id='word_1_60' title='bbox 232 1302 256 1360; x_wconf 91' lang='lat' dir='ltr'><strong>si</strong></span> <span class='ocrx_word' id='word_1_61' title='bbox 271 1300 404 1373; x_wconf 87' lang='lat' dir='ltr'><strong>accidat,</strong></span> <span class='ocrx_word' id='word_1_62' title='bbox 425 1301 491 1363; x_wconf 83' lang='lat' dir='ltr'><strong>fore</strong></span> <span class='ocrx_word' id='word_1_63' title='bbox 511 1322 572 1363; x_wconf 90' lang='lat' dir='ltr'><strong>non</strong></span> <span class='ocrx_word' id='word_1_64' title='bbox 587 1301 723 1376; x_wconf 80' lang='lat' dir='ltr'><strong>dubitet,</strong></span> <span class='ocrx_word' id='word_1_65' title='bbox 744 1315 778 1365; x_wconf 91' lang='lat' dir='ltr'><strong>ut</strong></span> <span class='ocrx_word' id='word_1_66' title='bbox 793 1304 908 1369; x_wconf 77' lang='lat' dir='ltr'><strong>Censor</strong></span> <span class='ocrx_word' id='word_1_67' title='bbox 928 1308 992 1390; x_wconf 87' lang='lat' dir='ltr'><strong>ipse</strong></span> <span class='ocrx_word' id='word_1_68' title='bbox 1008 1309 1066 1390; x_wconf 79' lang='lat' dir='ltr'><strong>tp-</strong></span> 
     </span>
     <span class='ocr_line' id='line_1_11' title="bbox 96 1408 1066 1493; baseline 0.009 -28"><span class='ocrx_word' id='word_1_69' title='bbox 96 1408 167 1488; x_wconf 89' lang='lat' dir='ltr'><strong>pius</strong></span> <span class='ocrx_word' id='word_1_70' title='bbox 187 1417 315 1467; x_wconf 87' lang='lat' dir='ltr'><strong>creetur.</strong></span> <span class='ocrx_word' id='word_1_71' title='bbox 336 1408 442 1491; x_wconf 88' lang='lat' dir='ltr'><strong>ltaque</strong></span> <span class='ocrx_word' id='word_1_72' title='bbox 463 1408 637 1491; x_wconf 80' lang='lat' dir='ltr'><strong>subiungit:</strong></span> <span class='ocrx_word' id='word_1_73' title='bbox 667 1411 708 1473; x_wconf 85' lang='lat' dir='ltr'><strong>Et</strong></span> <span class='ocrx_word' id='word_1_74' title='bbox 733 1413 760 1472; x_wconf 84' lang='lat' dir='ltr'><strong>si</strong></span> <span class='ocrx_word' id='word_1_75' title='bbox 786 1413 830 1474; x_wconf 85' lang='lat' dir='ltr'><strong>ita</strong></span> <span class='ocrx_word' id='word_1_76' title='bbox 855 1415 975 1493; x_wconf 77' lang='lat' dir='ltr'><strong>gesseris</strong></span> <span class='ocrx_word' id='word_1_77' title='bbox 996 1435 1066 1474; x_wconf 88' lang='lat' dir='ltr'><strong>cen-</strong></span> 
     </span>
     <span class='ocr_line' id='line_1_12' title="bbox 95 1513 1067 1601; baseline 0.008 -29"><span class='ocrx_word' id='word_1_78' title='bbox 95 1532 206 1574; x_wconf 84' lang='lat' dir='ltr'><strong>summ.</strong></span> <span class='ocrx_word' id='word_1_79' title='bbox 226 1513 342 1575; x_wconf 80' lang='lat' dir='ltr'><strong>Manut.</strong></span> <span class='ocrx_word' id='word_1_80' title='bbox 361 1515 540 1598; x_wconf 77' lang='lat' dir='ltr'><strong>Languebat</strong></span> <span class='ocrx_word' id='word_1_81' title='bbox 560 1527 682 1591; x_wconf 80' lang='lat' dir='ltr'><strong>antem,</strong></span> <span class='ocrx_word' id='word_1_82' title='bbox 701 1528 739 1578; x_wconf 83' lang='lat' dir='ltr'><strong>ut</strong></span> <span class='ocrx_word' id='word_1_83' title='bbox 757 1520 858 1599; x_wconf 89' lang='lat' dir='ltr'><strong>inquit</strong></span> <span class='ocrx_word' id='word_1_84' title='bbox 877 1519 1007 1601; x_wconf 76' lang='lat' dir='ltr'><strong>Pighius</strong></span> <span class='ocrx_word' id='word_1_85' title='bbox 1028 1521 1067 1580; x_wconf 85' lang='lat' dir='ltr'><strong>ad</strong></span> 
     </span>
     <span class='ocr_line' id='line_1_13' title="bbox 95 1618 1065 1706; baseline 0.008 -28"><span class='ocrx_word' id='word_1_86' title='bbox 95 1618 179 1680; x_wconf 89' lang='lat' dir='ltr'><strong>hunc</strong></span> <span class='ocrx_word' id='word_1_87' title='bbox 199 1640 331 1694; x_wconf 84' lang='lat' dir='ltr'><strong>annum,</strong></span> <span class='ocrx_word' id='word_1_88' title='bbox 350 1642 493 1696; x_wconf 85' lang='lat' dir='ltr'><strong>censura,</strong></span> <span class='ocrx_word' id='word_1_89' title='bbox 513 1634 641 1706; x_wconf 90' lang='lat' dir='ltr'><strong>propter</strong></span> <span class='ocrx_word' id='word_1_90' title='bbox 662 1626 790 1685; x_wconf 86' lang='lat' dir='ltr'><strong>civitatis</strong></span> <span class='ocrx_word' id='word_1_91' title='bbox 804 1624 949 1686; x_wconf 85' lang='lat' dir='ltr'><strong>factiones</strong></span> <span class='ocrx_word' id='word_1_92' title='bbox 963 1622 994 1687; x_wconf 79' lang='lat' dir='ltr'><strong>e&#39;t</strong></span> <span class='ocrx_word' id='word_1_93' title='bbox 1006 1627 1065 1686; x_wconf 89' lang='lat' dir='ltr'><strong>dis-</strong></span> 
     </span>
     <span class='ocr_line' id='line_1_14' title="bbox 95 1725 1063 1812; baseline 0.006 -25"><span class='ocrx_word' id='word_1_94' title='bbox 95 1725 192 1803; x_wconf 83' lang='lat' dir='ltr'><strong>sidia3</strong></span> <span class='ocrx_word' id='word_1_95' title='bbox 212 1737 243 1789; x_wconf 89' lang='lat' dir='ltr'><strong>et</strong></span> <span class='ocrx_word' id='word_1_96' title='bbox 262 1729 431 1810; x_wconf 87' lang='lat' dir='ltr'><strong>pericnlum</strong></span> <span class='ocrx_word' id='word_1_97' title='bbox 451 1741 533 1803; x_wconf 84' lang='lat' dir='ltr'><strong>erat,</strong></span> <span class='ocrx_word' id='word_1_98' title='bbox 553 1752 592 1792; x_wconf 89' lang='lat' dir='ltr'><strong>ne</strong></span> <span class='ocrx_word' id='word_1_99' title='bbox 609 1729 660 1792; x_wconf 91' lang='lat' dir='ltr'><strong>hic</strong></span> <span class='ocrx_word' id='word_1_100' title='bbox 671 1732 867 1812; x_wconf 71' lang='lat' dir='ltr'><strong>magistratus</strong></span> <span class='ocrx_word' id='word_1_101' title='bbox 888 1730 1063 1793; x_wconf 80' lang='lat' dir='ltr'><strong>abolirctur.</strong></span> 
     </span>
     <span class='ocr_line' id='line_1_15' title="bbox 94 1833 1062 1920; baseline 0.003 -27"><span class='ocrx_word' id='word_1_102' title='bbox 94 1833 215 1894; x_wconf 78' lang='lat' dir='ltr'><strong>Revera</strong></span> <span class='ocrx_word' id='word_1_103' title='bbox 236 1845 353 1897; x_wconf 84' lang='lat' dir='ltr'><strong>creatus</strong></span> <span class='ocrx_word' id='word_1_104' title='bbox 374 1857 444 1897; x_wconf 90' lang='lat' dir='ltr'><strong>cum</strong></span> <span class='ocrx_word' id='word_1_105' title='bbox 465 1838 500 1897; x_wconf 85' lang='lat' dir='ltr'><strong>L.</strong></span> <span class='ocrx_word' id='word_1_106' title='bbox 522 1838 632 1898; x_wconf 85' lang='lat' dir='ltr'><strong>Pisone</strong></span> <span class='ocrx_word' id='word_1_107' title='bbox 647 1840 763 1920; x_wconf 78' lang='lat' dir='ltr'><strong>Appius</strong></span> <span class='ocrx_word' id='word_1_108' title='bbox 782 1837 843 1898; x_wconf 87' lang='lat' dir='ltr'><strong>hoc</strong></span> <span class='ocrx_word' id='word_1_109' title='bbox 863 1857 944 1898; x_wconf 81' lang='lat' dir='ltr'><strong>enno</strong></span> <span class='ocrx_word' id='word_1_110' title='bbox 964 1837 1062 1898; x_wconf 87' lang='lat' dir='ltr'><strong>ultimi</strong></span> 
     </span>
     <span class='ocr_line' id='line_1_16' title="bbox 95 1927 1065 2032; baseline 0.004 -32"><span class='ocrx_word' id='word_1_111' title='bbox 95 1940 183 2002; x_wconf 80' lang='lat' dir='ltr'><strong>luere</strong></span> <span class='ocrx_word' id='word_1_112' title='bbox 202 1963 342 2005; x_wconf 84' lang='lat' dir='ltr'><strong>censores</strong></span> <span class='ocrx_word' id='word_1_113' title='bbox 361 1942 457 2005; x_wconf 85' lang='lat' dir='ltr'><strong>libera</strong></span> <span class='ocrx_word' id='word_1_114' title='bbox 471 1943 601 2027; x_wconf 88' lang='lat' dir='ltr'><strong>republ.</strong></span> <span class='ocrx_word' id='word_1_115' title='bbox 619 1943 710 2004; x_wconf 89' lang='lat' dir='ltr'><strong>Edidi</strong></span> <span class='ocrx_word' id='word_1_116' title='bbox 732 1937 863 2032; x_wconf 64' lang='lat' dir='ltr'><strong>efficeris</strong></span> <span class='ocrx_word' id='word_1_117' title='bbox 884 1964 954 2005; x_wconf 88' lang='lat' dir='ltr'><strong>cum</strong></span> <span class='ocrx_word' id='word_1_118' title='bbox 967 1927 1065 2004; x_wconf 86' lang='lat' dir='ltr'><strong>Erne-</strong></span> 
     </span>
     <span class='ocr_line' id='line_1_17' title="bbox 94 2046 1064 2131; baseline 0.002 -23"><span class='ocrx_word' id='word_1_119' title='bbox 94 2048 171 2120; x_wconf 63' lang='grc' dir='ltr'><strong>δύο,</strong></span> <span class='ocrx_word' id='word_1_120' title='bbox 190 2046 359 2121; x_wconf 85' lang='lat' dir='ltr'><strong>Lambino‚</strong></span> <span class='ocrx_word' id='word_1_121' title='bbox 379 2049 494 2111; x_wconf 83' lang='lat' dir='ltr'><strong>Manut.</strong></span> <span class='ocrx_word' id='word_1_122' title='bbox 516 2049 554 2111; x_wconf 87' lang='lat' dir='ltr'><strong>de</strong></span> <span class='ocrx_word' id='word_1_123' title='bbox 574 2050 743 2111; x_wconf 87' lang='lat' dir='ltr'><strong>Franciscis</strong></span> <span class='ocrx_word' id='word_1_124' title='bbox 764 2061 794 2113; x_wconf 92' lang='lat' dir='ltr'><strong>et</strong></span> <span class='ocrx_word' id='word_1_125' title='bbox 819 2051 945 2112; x_wconf 90' lang='lat' dir='ltr'><strong>Clerico.</strong></span> <span class='ocrx_word' id='word_1_126' title='bbox 959 2048 1064 2131; x_wconf 81' lang='lat' dir='ltr'><strong>Vulgo</strong></span> 
     </span>
     <span class='ocr_line' id='line_1_18' title="bbox 93 2153 1066 2238; baseline -0.002 -23"><span class='ocrx_word' id='word_1_127' title='bbox 93 2156 122 2215; x_wconf 89' lang='lat' dir='ltr'><strong>si</strong></span> <span class='ocrx_word' id='word_1_128' title='bbox 140 2175 207 2216; x_wconf 79' lang='lat' dir='ltr'><strong>nero</strong></span> <span class='ocrx_word' id='word_1_129' title='bbox 219 2153 319 2238; x_wconf 81' lang='lat' dir='ltr'><strong>efficis.</strong></span> <span class='ocrx_word' id='word_1_130' title='bbox 333 2155 415 2216; x_wconf 86' lang='lat' dir='ltr'><strong>Tum</strong></span> <span class='ocrx_word' id='word_1_131' title='bbox 429 2157 580 2217; x_wconf 86' lang='lat' dir='ltr'><strong>triumviri</strong></span> <span class='ocrx_word' id='word_1_132' title='bbox 596 2156 639 2217; x_wconf 92' lang='lat' dir='ltr'><strong>illi</strong></span> <span class='ocrx_word' id='word_1_133' title='bbox 653 2156 745 2217; x_wconf 89' lang='lat' dir='ltr'><strong>medii</strong></span> <span class='ocrx_word' id='word_1_134' title='bbox 769 2169 801 2217; x_wconf 92' lang='lat' dir='ltr'><strong>ut</strong></span> <span class='ocrx_word' id='word_1_135' title='bbox 825 2176 929 2217; x_wconf 86' lang='lat' dir='ltr'><strong>remor</strong></span> <span class='ocrx_word' id='word_1_136' title='bbox 949 2158 1066 2216; x_wconf 79' lang='lat' dir='ltr'><strong>creeris.</strong></span> 
     </span>
    </p>

    <p class='ocr_par' dir='ltr' id='par_1_7' title="bbox 59 2259 1066 2771">
     <span class='ocr_line' id='line_1_19' title="bbox 59 2259 1066 2344; baseline 0.001 -24"><span class='ocrx_word' id='word_1_137' title='bbox 59 2260 96 2321; x_wconf 76' lang='lat'><strong>15</strong></span> <span class='ocrx_word' id='word_1_138' title='bbox 117 2259 237 2322; x_wconf 81' lang='lat' dir='ltr'><strong>Adscivi</strong></span> <span class='ocrx_word' id='word_1_139' title='bbox 259 2260 374 2323; x_wconf 74' lang='lat' dir='ltr'><strong>videam</strong></span> <span class='ocrx_word' id='word_1_140' title='bbox 386 2273 456 2323; x_wconf 84' lang='lat' dir='ltr'><strong>ante</strong></span> <span class='ocrx_word' id='word_1_141' title='bbox 477 2263 565 2325; x_wconf 84' lang='lat' dir='ltr'><strong>tribui</strong></span> <span class='ocrx_word' id='word_1_142' title='bbox 577 2284 612 2324; x_wconf 86' lang='lat' dir='ltr'><strong>ex</strong></span> <span class='ocrx_word' id='word_1_143' title='bbox 628 2262 674 2324; x_wconf 91' lang='lat' dir='ltr'><strong>ed.</strong></span> <span class='ocrx_word' id='word_1_144' title='bbox 696 2263 753 2324; x_wconf 90' lang='lat' dir='ltr'><strong>Ro.</strong></span> <span class='ocrx_word' id='word_1_145' title='bbox 774 2261 916 2323; x_wconf 89' lang='lat' dir='ltr'><strong>omnibus</strong></span> <span class='ocrx_word' id='word_1_146' title='bbox 936 2263 1066 2344; x_wconf 87' lang='lat' dir='ltr'><strong>interpp.</strong></span> 
     </span>
     <span class='ocr_line' id='line_1_20' title="bbox 94 2368 1064 2450; baseline -0.001 -21"><span class='ocrx_word' id='word_1_147' title='bbox 94 2369 214 2444; x_wconf 80' lang='lat' dir='ltr'><strong>invitis3</strong></span> <span class='ocrx_word' id='word_1_148' title='bbox 234 2389 366 2450; x_wconf 87' lang='lat' dir='ltr'><strong>quorum</strong></span> <span class='ocrx_word' id='word_1_149' title='bbox 378 2368 561 2443; x_wconf 88' lang='lat' dir='ltr'><strong>Lambinus,</strong></span> <span class='ocrx_word' id='word_1_150' title='bbox 580 2381 616 2430; x_wconf 92' lang='lat' dir='ltr'><strong>ut</strong></span> <span class='ocrx_word' id='word_1_151' title='bbox 636 2369 712 2431; x_wconf 84' lang='lat' dir='ltr'><strong>alios</strong></span> <span class='ocrx_word' id='word_1_152' title='bbox 732 2380 867 2441; x_wconf 84' lang='lat' dir='ltr'><strong>taccam,</strong></span> <span class='ocrx_word' id='word_1_153' title='bbox 888 2371 1008 2430; x_wconf 89' lang='lat' dir='ltr'><strong>sicsine</strong></span> <span class='ocrx_word' id='word_1_154' title='bbox 1022 2369 1064 2428; x_wconf 78' lang='lat' dir='ltr'><strong>ci·</strong></span> 
     </span>
     <span class='ocr_line' id='line_1_21' title="bbox 93 2466 1065 2559; baseline -0.001 -23"><span class='ocrx_word' id='word_1_155' title='bbox 93 2473 185 2537; x_wconf 72' lang='grc' dir='ltr'><em>ᾰεαιη</em></span> <span class='ocrx_word' id='word_1_156' title='bbox 205 2466 292 2559; x_wconf 81' lang='lat' dir='ltr'><strong>legit,</strong></span> <span class='ocrx_word' id='word_1_157' title='bbox 318 2487 354 2537; x_wconf 90' lang='lat' dir='ltr'><strong>ut</strong></span> <span class='ocrx_word' id='word_1_158' title='bbox 374 2497 464 2559; x_wconf 87' lang='lat' dir='ltr'><strong>quum</strong></span> <span class='ocrx_word' id='word_1_159' title='bbox 484 2488 515 2537; x_wconf 92' lang='lat' dir='ltr'><strong>et</strong></span> <span class='ocrx_word' id='word_1_160' title='bbox 536 2489 595 2537; x_wconf 91' lang='lat' dir='ltr'><strong>tum</strong></span> <span class='ocrx_word' id='word_1_161' title='bbox 617 2476 667 2536; x_wconf 90' lang='lat' dir='ltr'><strong>hio</strong></span> <span class='ocrx_word' id='word_1_162' title='bbox 687 2476 895 2558; x_wconf 78' lang='lat' dir='ltr'><strong>intelligantur</strong></span> <span class='ocrx_word' id='word_1_163' title='bbox 914 2497 978 2536; x_wconf 85' lang='lat' dir='ltr'><strong>esse</strong></span> <span class='ocrx_word' id='word_1_164' title='bbox 1002 2495 1065 2536; x_wconf 89' lang='lat' dir='ltr'><strong>non</strong></span> 
     </span>
     <span class='ocr_line' id='line_1_22' title="bbox 95 2581 1066 2667; baseline -0.002 -25"><span class='ocrx_word' id='word_1_165' title='bbox 95 2581 243 2644; x_wconf 87' lang='lat' dir='ltr'><strong>adverbia</strong></span> <span class='ocrx_word' id='word_1_166' title='bbox 262 2585 424 2667; x_wconf 85' lang='lat' dir='ltr'><strong>temporis,</strong></span> <span class='ocrx_word' id='word_1_167' title='bbox 444 2582 497 2644; x_wconf 90' lang='lat' dir='ltr'><strong>sed</strong></span> <span class='ocrx_word' id='word_1_168' title='bbox 521 2582 747 2665; x_wconf 85' lang='lat' dir='ltr'><strong>copulationes;</strong></span> <span class='ocrx_word' id='word_1_169' title='bbox 768 2593 799 2643; x_wconf 90' lang='lat' dir='ltr'><strong>et</strong></span> <span class='ocrx_word' id='word_1_170' title='bbox 819 2581 984 2642; x_wconf 87' lang='lat' dir='ltr'><strong>infinitivus</strong></span> <span class='ocrx_word' id='word_1_171' title='bbox 1014 2584 1066 2640; x_wconf 87' lang='lat' dir='ltr'><strong>tri-</strong></span> 
     </span>
     <span class='ocr_line' id='line_1_23' title="bbox 95 2687 984 2771; baseline -0.004 -22"><span class='ocrx_word' id='word_1_172' title='bbox 95 2688 147 2749; x_wconf 84' lang='lat' dir='ltr'><strong>bui</strong></span> <span class='ocrx_word' id='word_1_173' title='bbox 166 2700 289 2771; x_wconf 83' lang='lat' dir='ltr'><strong>regatur</strong></span> <span class='ocrx_word' id='word_1_174' title='bbox 309 2689 349 2749; x_wconf 89' lang='lat' dir='ltr'><strong>ab</strong></span> <span class='ocrx_word' id='word_1_175' title='bbox 368 2689 422 2751; x_wconf 89' lang='lat' dir='ltr'><strong>illo</strong></span> <span class='ocrx_word' id='word_1_176' title='bbox 443 2699 510 2750; x_wconf 91' lang='lat' dir='ltr'><strong>toto</strong></span> <span class='ocrx_word' id='word_1_177' title='bbox 530 2690 617 2771; x_wconf 84' lang='lat' dir='ltr'><strong>capio</strong></span> <span class='ocrx_word' id='word_1_178' title='bbox 638 2707 777 2768; x_wconf 78' lang='lat' dir='ltr'><strong>magnam</strong></span> <span class='ocrx_word' id='word_1_179' title='bbox 797 2687 984 2768; x_wconf 82' lang='lat' dir='ltr'><strong>voluptatem.</strong></span> 
     </span>
    </p>

    <p class='ocr_par' dir='ltr' id='par_1_8' title="bbox 60 2791 1066 3306">
     <span class='ocr_line' id='line_1_24' title="bbox 60 2791 1065 2878; baseline -0.005 -23"><span class='ocrx_word' id='word_1_180' title='bbox 60 2793 95 2856; x_wconf 84' lang='grc'><strong>16</strong></span> <span class='ocrx_word' id='word_1_181' title='bbox 116 2795 185 2857; x_wconf 82' lang='lat' dir='ltr'><strong>Una</strong></span> <span class='ocrx_word' id='word_1_182' title='bbox 205 2796 237 2855; x_wconf 88' lang='lat' dir='ltr'><strong>in</strong></span> <span class='ocrx_word' id='word_1_183' title='bbox 257 2797 372 2878; x_wconf 88' lang='lat' dir='ltr'><strong>primis.</strong></span> <span class='ocrx_word' id='word_1_184' title='bbox 394 2795 495 2857; x_wconf 87' lang='lat' dir='ltr'><strong>Habet</strong></span> <span class='ocrx_word' id='word_1_185' title='bbox 515 2798 595 2856; x_wconf 90' lang='lat' dir='ltr'><strong>enim</strong></span> <span class='ocrx_word' id='word_1_186' title='bbox 617 2815 679 2854; x_wconf 92' lang='lat' dir='ltr'><strong>non</strong></span> <span class='ocrx_word' id='word_1_187' title='bbox 692 2804 756 2854; x_wconf 86' lang='lat' dir='ltr'><strong>tam</strong></span> <span class='ocrx_word' id='word_1_188' title='bbox 770 2791 951 2864; x_wconf 87' lang='lat' dir='ltr'><strong>definiendi,</strong></span> <span class='ocrx_word' id='word_1_189' title='bbox 972 2810 1065 2872; x_wconf 86' lang='lat' dir='ltr'><strong>quam</strong></span> 
     </span>
     <span class='ocr_line' id='line_1_25' title="bbox 94 2901 1066 2985; baseline -0.007 -22"><span class='ocrx_word' id='word_1_190' title='bbox 94 2902 227 2985; x_wconf 76' lang='lat' dir='ltr'><strong>augendi</strong></span> <span class='ocrx_word' id='word_1_191' title='bbox 248 2904 319 2963; x_wconf 89' lang='lat' dir='ltr'><strong>vim.</strong></span> <span class='ocrx_word' id='word_1_192' title='bbox 341 2902 458 2964; x_wconf 87' lang='lat' dir='ltr'><strong>Munut.</strong></span> <span class='ocrx_word' id='word_1_193' title='bbox 479 2901 537 2962; x_wconf 88' lang='lat' dir='ltr'><strong>Ed.</strong></span> <span class='ocrx_word' id='word_1_194' title='bbox 559 2901 616 2964; x_wconf 89' lang='lat' dir='ltr'><strong>Ro.</strong></span> <span class='ocrx_word' id='word_1_195' title='bbox 640 2921 700 2962; x_wconf 86' lang='lat' dir='ltr'><strong>una</strong></span> <span class='ocrx_word' id='word_1_196' title='bbox 720 2912 764 2961; x_wconf 88' lang='lat' dir='ltr'><strong>est</strong></span> <span class='ocrx_word' id='word_1_197' title='bbox 783 2919 899 2981; x_wconf 82' lang='lat' dir='ltr'><strong>semper</strong></span> <span class='ocrx_word' id='word_1_198' title='bbox 918 2911 936 2959; x_wconf 92' lang='lat' dir='ltr'><strong>t.</strong></span> <span class='ocrx_word' id='word_1_199' title='bbox 957 2918 1066 2958; x_wconf 86' lang='lat' dir='ltr'><strong>merces</strong></span> 
     </span>
     <span class='ocr_line' id='line_1_26' title="bbox 95 3004 1066 3092; baseline -0.006 -20"><span class='ocrx_word' id='word_1_200' title='bbox 95 3012 248 3086; x_wconf 77' lang='lat' dir='ltr'><strong>laborum3</strong></span> <span class='ocrx_word' id='word_1_201' title='bbox 268 3009 331 3072; x_wconf 89' lang='lat' dir='ltr'><strong>Zel.</strong></span> <span class='ocrx_word' id='word_1_202' title='bbox 345 3009 370 3073; x_wconf 91' lang='lat' dir='ltr'>B</span> <span class='ocrx_word' id='word_1_203' title='bbox 384 3029 445 3070; x_wconf 85' lang='lat' dir='ltr'><strong>unu</strong></span> <span class='ocrx_word' id='word_1_204' title='bbox 457 3029 573 3092; x_wconf 80' lang='lat' dir='ltr'><strong>semper</strong></span> <span class='ocrx_word' id='word_1_205' title='bbox 583 3023 626 3070; x_wconf 91' lang='lat' dir='ltr'><strong>est</strong></span> <span class='ocrx_word' id='word_1_206' title='bbox 638 3020 656 3068; x_wconf 85' lang='lat' dir='ltr'><strong>t</strong></span> <span class='ocrx_word' id='word_1_207' title='bbox 669 3030 707 3069; x_wconf 92' lang='lat' dir='ltr'><strong>m.</strong></span> <span class='ocrx_word' id='word_1_208' title='bbox 722 3007 741 3068; x_wconf 89' lang='lat' dir='ltr'><strong>l.</strong></span> <span class='ocrx_word' id='word_1_209' title='bbox 761 3004 808 3061; x_wconf 74' lang='lat' dir='ltr'><strong>’ltu</strong></span> <span class='ocrx_word' id='word_1_210' title='bbox 826 3005 955 3081; x_wconf 63' lang='lat' dir='ltr'><strong>&#39;‘“rirll&#39;</strong></span> <span class='ocrx_word' id='word_1_211' title='bbox 972 3005 1066 3066; x_wconf 88' lang='lat' dir='ltr'><strong>Grae-</strong></span> 
     </span>
     <span class='ocr_line' id='line_1_27' title="bbox 96 3112 1065 3199; baseline -0.006 -22"><span class='ocrx_word' id='word_1_212' title='bbox 96 3121 165 3177; x_wconf 84' lang='lat' dir='ltr'><strong>vius</strong></span> <span class='ocrx_word' id='word_1_213' title='bbox 186 3138 279 3199; x_wconf 88' lang='lat' dir='ltr'><strong>supra</strong></span> <span class='ocrx_word' id='word_1_214' title='bbox 307 3119 433 3199; x_wconf 84' lang='lat' dir='ltr'><strong>corrigit</strong></span> <span class='ocrx_word' id='word_1_215' title='bbox 460 3117 586 3178; x_wconf 84' lang='lat' dir='ltr'><strong>illustres</strong></span> <span class='ocrx_word' id='word_1_216' title='bbox 615 3120 708 3192; x_wconf 82' lang='lat' dir='ltr'><strong>viros3</strong></span> <span class='ocrx_word' id='word_1_217' title='bbox 739 3112 823 3196; x_wconf 89' lang='lat' dir='ltr'><strong>quod</strong></span> <span class='ocrx_word' id='word_1_218' title='bbox 850 3123 951 3172; x_wconf 86' lang='lat' dir='ltr'><strong>tamen</strong></span> <span class='ocrx_word' id='word_1_219' title='bbox 982 3131 1065 3193; x_wconf 88' lang='lat' dir='ltr'><strong>seqq.</strong></span> 
     </span>
     <span class='ocr_line' id='line_1_28' title="bbox 95 3220 894 3306; baseline -0.004 -22"><span class='ocrx_word' id='word_1_220' title='bbox 95 3226 169 3285; x_wconf 87' lang='lat' dir='ltr'><strong>viris</strong></span> <span class='ocrx_word' id='word_1_221' title='bbox 189 3223 287 3285; x_wconf 89' lang='lat' dir='ltr'><strong>doctis</strong></span> <span class='ocrx_word' id='word_1_222' title='bbox 310 3243 373 3284; x_wconf 87' lang='lat' dir='ltr'><strong>non</strong></span> <span class='ocrx_word' id='word_1_223' title='bbox 393 3223 545 3306; x_wconf 87' lang='lat' dir='ltr'><strong>probavit.</strong></span> <span class='ocrx_word' id='word_1_224' title='bbox 567 3224 628 3286; x_wconf 91' lang='lat' dir='ltr'><strong>Zel.</strong></span> <span class='ocrx_word' id='word_1_225' title='bbox 649 3223 674 3283; x_wconf 90' lang='lat' dir='ltr'>B</span> <span class='ocrx_word' id='word_1_226' title='bbox 694 3220 894 3283; x_wconf 82' lang='lat' dir='ltr'><strong>indrrstn&#39;osos.</strong></span> 
     </span>
    </p>

    <p class='ocr_par' dir='ltr' id='par_1_9' title="bbox 57 3323 1067 3820">
     <span class='ocr_line' id='line_1_29' title="bbox 57 3323 1064 3414; baseline -0.01 -22"><span class='ocrx_word' id='word_1_227' title='bbox 57 3353 93 3414; x_wconf 87' lang='lat'><strong>¹7</strong></span> <span class='ocrx_word' id='word_1_228' title='bbox 115 3329 286 3392; x_wconf 80' lang='lat' dir='ltr'><strong>Dolabella.</strong></span> <span class='ocrx_word' id='word_1_229' title='bbox 301 3331 361 3392; x_wconf 90' lang='lat' dir='ltr'><strong>Zel.</strong></span> <span class='ocrx_word' id='word_1_230' title='bbox 382 3331 406 3391; x_wconf 93' lang='lat' dir='ltr'>B</span> <span class='ocrx_word' id='word_1_231' title='bbox 418 3331 515 3413; x_wconf 80' lang='lat' dir='ltr'><strong>juisse</strong></span> <span class='ocrx_word' id='word_1_232' title='bbox 535 3329 722 3391; x_wconf 85' lang='lat' dir='ltr'><strong>adolescenti.</strong></span> <span class='ocrx_word' id='word_1_233' title='bbox 737 3363 778 3377; x_wconf 89' lang='grc'>-</span> <span class='ocrx_word' id='word_1_234' title='bbox 791 3323 937 3409; x_wconf 85' lang='lat' dir='ltr'><strong>Defendi‚</strong></span> <span class='ocrx_word' id='word_1_235' title='bbox 958 3344 1064 3384; x_wconf 88' lang='lat' dir='ltr'><strong>senon</strong></span> 
     </span>
     <span class='ocr_line' id='line_1_30' title="bbox 93 3431 1067 3520; baseline -0.014 -20"><span class='ocrx_word' id='word_1_236' title='bbox 93 3437 226 3500; x_wconf 79' lang='lat' dir='ltr'><strong>defuisse</strong></span> <span class='ocrx_word' id='word_1_237' title='bbox 246 3437 423 3498; x_wconf 88' lang='lat' dir='ltr'><strong>Dolabellae</strong></span> <span class='ocrx_word' id='word_1_238' title='bbox 444 3438 584 3520; x_wconf 88' lang='lat' dir='ltr'><strong>periculis</strong></span> <span class='ocrx_word' id='word_1_239' title='bbox 608 3437 682 3497; x_wconf 82' lang='lat' dir='ltr'><strong>dixit</strong></span> <span class='ocrx_word' id='word_1_240' title='bbox 703 3437 794 3496; x_wconf 88' lang='lat' dir='ltr'><strong>etiam</strong></span> <span class='ocrx_word' id='word_1_241' title='bbox 815 3440 862 3516; x_wconf 87' lang='lat' dir='ltr'><strong>ep.</strong></span> <span class='ocrx_word' id='word_1_242' title='bbox 886 3431 1013 3503; x_wconf 81' lang='lat' dir='ltr'>DCXL3</span> <span class='ocrx_word' id='word_1_243' title='bbox 1034 3438 1067 3487; x_wconf 91' lang='lat' dir='ltr'><strong>at</strong></span> 
     </span>
     <span class='ocr_line' id='line_1_31' title="bbox 93 3535 1064 3628; baseline -0.014 -22"><span class='ocrx_word' id='word_1_244' title='bbox 93 3545 208 3628; x_wconf 87' lang='lat' dir='ltr'><strong>quibus</strong></span> <span class='ocrx_word' id='word_1_245' title='bbox 239 3555 270 3606; x_wconf 87' lang='lat' dir='ltr'><strong>et</strong></span> <span class='ocrx_word' id='word_1_246' title='bbox 297 3543 438 3627; x_wconf 87' lang='lat' dir='ltr'><strong>quando,</strong></span> <span class='ocrx_word' id='word_1_247' title='bbox 463 3564 553 3605; x_wconf 90' lang='lat' dir='ltr'><strong>nemo</strong></span> <span class='ocrx_word' id='word_1_248' title='bbox 583 3542 664 3603; x_wconf 86' lang='lat' dir='ltr'><strong>dixit.</strong></span> <span class='ocrx_word' id='word_1_249' title='bbox 688 3541 798 3624; x_wconf 80' lang='lat' dir='ltr'><strong>Capitis</strong></span> <span class='ocrx_word' id='word_1_250' title='bbox 824 3537 964 3600; x_wconf 82' lang='lat' dir='ltr'><strong>iudicium</strong></span> <span class='ocrx_word' id='word_1_251' title='bbox 989 3535 1064 3594; x_wconf 89' lang='lat' dir='ltr'><strong>dici·</strong></span> 
     </span>
     <span class='ocr_line' id='line_1_32' title="bbox 92 3640 1065 3735; baseline -0.01 -22"><span class='ocrx_word' id='word_1_252' title='bbox 92 3665 165 3727; x_wconf 88' lang='lat' dir='ltr'><strong>tur,</strong></span> <span class='ocrx_word' id='word_1_253' title='bbox 195 3673 258 3735; x_wconf 91' lang='lat' dir='ltr'><strong>quo</strong></span> <span class='ocrx_word' id='word_1_254' title='bbox 283 3651 406 3714; x_wconf 83' lang='lat' dir='ltr'><strong>libertas</strong></span> <span class='ocrx_word' id='word_1_255' title='bbox 431 3662 486 3712; x_wconf 79' lang='lat' dir='ltr'><strong>eut</strong></span> <span class='ocrx_word' id='word_1_256' title='bbox 511 3652 616 3712; x_wconf 83' lang='lat' dir='ltr'><strong>civitas</strong></span> <span class='ocrx_word' id='word_1_257' title='bbox 638 3651 794 3711; x_wconf 79' lang='lat' dir='ltr'><strong>arnittitnr.</strong></span> <span class='ocrx_word' id='word_1_258' title='bbox 817 3643 955 3715; x_wconf 78' lang='lat' dir='ltr'><strong>Patroni,</strong></span> <span class='ocrx_word' id='word_1_259' title='bbox 988 3640 1065 3700; x_wconf 88' lang='lat' dir='ltr'><strong>idest</strong></span> 
     </span>
     <span class='ocr_line' id='line_1_33' title="bbox 96 3761 263 3820; baseline 0.006 -2"><span class='ocrx_word' id='word_1_260' title='bbox 96 3761 263 3820; x_wconf 88' lang='lat' dir='ltr'><strong>Ciceronis.</strong></span> 
     </span>
    </p>

    <p class='ocr_par' dir='ltr' id='par_1_10' title="bbox 57 3853 1062 4056">
     <span class='ocr_line' id='line_1_34' title="bbox 57 3853 1062 3945; baseline -0.01 -17"><span class='ocrx_word' id='word_1_261' title='bbox 57 3867 94 3930; x_wconf 88' lang='grc'><strong>18</strong></span> <span class='ocrx_word' id='word_1_262' title='bbox 116 3867 224 3928; x_wconf 81' lang='lat' dir='ltr'><strong>Tacite</strong></span> <span class='ocrx_word' id='word_1_263' title='bbox 245 3866 360 3927; x_wconf 84' lang='lat' dir='ltr'><strong>editum</strong></span> <span class='ocrx_word' id='word_1_264' title='bbox 391 3877 436 3929; x_wconf 89' lang='lat' dir='ltr'><strong>est</strong></span> <span class='ocrx_word' id='word_1_265' title='bbox 462 3888 480 3927; x_wconf 84' lang='lat' dir='ltr'><strong>n</strong></span> <span class='ocrx_word' id='word_1_266' title='bbox 508 3863 650 3945; x_wconf 77' lang='lat' dir='ltr'><strong>Schiitzio</strong></span> <span class='ocrx_word' id='word_1_267' title='bbox 676 3862 835 3935; x_wconf 72' lang='lat' dir='ltr'><strong>lenissImc3</strong></span> <span class='ocrx_word' id='word_1_268' title='bbox 865 3857 923 3919; x_wconf 88' lang='lat' dir='ltr'><strong>nisi</strong></span> <span class='ocrx_word' id='word_1_269' title='bbox 955 3853 1062 3916; x_wconf 81' lang='lat' dir='ltr'><strong>villum</strong></span> 
     </span>
     <span class='ocr_line' id='line_1_35' title="bbox 95 3985 337 4056; baseline -0.012 -19"><span class='ocrx_word' id='word_1_270' title='bbox 95 3985 143 4037; x_wconf 90' lang='lat' dir='ltr'><strong>cst</strong></span> <span class='ocrx_word' id='word_1_271' title='bbox 164 3993 337 4056; x_wconf 85' lang='lat' dir='ltr'><strong>operarum.</strong></span> 
     </span>
    </p>
   </div>
   <div class='ocr_carea' id='block_1_2' title="bbox 0 0 1318 4854">
    <p class='ocr_par' dir='ltr' id='par_1_11' title="bbox 0 0 1318 4854">
     <span class='ocr_line' id='line_1_36' title="bbox 0 0 1318 4854; baseline 0 0"><span class='ocrx_word' id='word_1_272' title='bbox 0 0 1318 4854; x_wconf 95' lang='lat' dir='ltr'><strong> </strong></span> 
     </span>
    </p>
   </div>
  </div>
 </body>
</html>
