2626 4854
525 362 562 412 ru
588 360 777 414 murenas
1083 343 1153 446 317

186 464 313 528 lamella
335 463 371 544 (Ι.
393 465 438 535 ΙΙ,
459 485 483 523 c.
506 468 558 544 a),
579 486 597 524 a
617 465 687 527 Kal.
710 466 838 547 Augusti
860 462 897 524 ad
918 465 961 524 ΙΙΙ
982 464 1051 526 Kal.
1074 466 1157 551 Sept.

184 573 305 634 Plinius
334 571 371 630 H.
397 572 431 630 N.
452 571 574 644 XVlll,
596 573 636 650 34
657 571 836 656 Aquilonem
858 575 901 633 ait
920 572 1032 633 molliri
1060 574 1157 637 sidere

185 689 299 740 aestate
320 677 437 750 media,
458 689 487 738 et
507 689 624 739 mutato
644 671 766 740 nomine
787 679 904 740 Etesiae
920 681 1038 758 vocari3
1059 691 1090 742 et
1110 681 1157 754 ll,

185 787 243 865 47:
258 784 331 845 Post
343 783 463 845 biduum
479 784 524 864 (h.
540 807 565 846 e.
580 808 606 847 a.
616 785 649 846 d.
664 785 751 848 Xlll.
765 785 835 847 Kal.
848 786 944 868 Aug.)
959 784 1046 849 iidem
1059 789 1155 872 Aqui-

186 893 268 952 lones
282 893 462 952 constantius
473 892 602 975 perflant
621 893 664 952 his
682 891 784 955 diebus
799 892 1069 975 (canicularibus),
1081 916 1156 979 qaros

185 997 304 1060 Etesiae
323 1011 446 1073 vocant,·
460 1011 490 1060 et
504 1000 615 1060 Caesar
634 999 706 1061 Bell.
729 1000 792 1061 civ.
812 1000 874 1073 ΙΙΙ,
892 1021 959 1082 107:
975 1000 1046 1082 Ipse
1065 1001 1155 1082 (Cae-

185 1108 250 1187 sar)
273 1141 313 1153 -
331 1106 437 1167 Etesiis
466 1108 632 1181 tenebatur,
658 1109 713 1190 qui
736 1105 928 1169 Alexandria
954 1109 1155 1189 navigantibus

182 1224 253 1273 sunt
271 1211 466 1273 adversissimi
483 1216 566 1275 venti.
587 1215 672 1296 Ergo
693 1213 784 1275 iidem
804 1235 876 1275 oum
898 1216 1048 1298 Aquilone
1068 1228 1152 1287 sunt,

180 1329 215 1380 et
228 1317 302 1380 flant
316 1340 334 1379 a
348 1320 566 1402 septentrione.
590 1323 687 1383 Tacit„
707 1321 782 1382 Hist.
799 1323 845 1394 11,
858 1320 914 1405 98:
938 1325 1023 1384 Mane
1036 1343 1153 1406 quoque

181 1427 339 1487 etesiarum
353 1427 431 1508 flatu
453 1429 481 1487 irs
498 1427 647 1488 Orientem
668 1429 869 1508 navigantibus
890 1428 1152 1504 secundamus

180 1535 338 1593 aduersum
364 1545 436 1594 erat.
463 1534 548 1616 Ergo
574 1533 613 1594 ab
638 1533 804 1596 Occidente
824 1533 963 1617 perflant
978 1536 1151 1597 ,Caesarem

182 1661 253 1701 cum
273 1640 375 1702 Plinio
395 1620 558 1703 convenire
576 1645 704 1723 quisque
718 1641 816 1718 videt3
830 1641 883 1702 sed
896 1653 927 1703 et
940 1642 1065 1703 Tacitus
1079 1662 1150 1702 cum

181 1749 255 1830 ipsis
275 1745 382 1820 faciet,
403 1751 427 1808 si
448 1768 509 1808 non
531 1750 658 1809 strictim
673 1746 713 1808 ab
728 1747 854 1808 Oriente
875 1746 948 1809 flare
968 1747 1085 1809 Etesiae
1106 1747 1150 1808 di-

180 1857 273 1926 xeris,
295 1854 347 1916 sed
367 1877 384 1915 a
405 1865 491 1938 parte
512 1858 590 1916 inter
611 1855 854 1939 Septentrionem
868 1867 899 1915 ct
913 1855 1071 1917 Orientem
1085 1876 1148 1916 me·

180 1960 242 2034 disc¹
260 1962 296 2021 ln
317 1982 379 2043 quo
398 1964 499 2044 ipsum
514 1962 689 2024 Ciceronem
705 1965 939 2023 consentientem
952 1960 1150 2035 habebimus,
1250 1998 1264 2025 s

180 2069 234 2148 qui
258 2067 376 2129 Etesias
405 2068 461 2129 sibi
481 2068 501 2129 a
521 2067 632 2130 Rhodo
655 2068 802 2141 Athenas,
821 2068 852 2129 h.
872 2090 899 2129 e.
920 2067 959 2128 ab
980 2079 1051 2129 ortu
1071 2067 1158 2129 bru-'

178 2174 251 2234 mali
267 2175 306 2234 ad
320 2194 460 2235 occasum
476 2175 662 2237 solstitialem
676 2179 711 2256 (a
725 2172 863 2257 SustEss
875 2175 914 2235 ad
927 2175 1148 2256 Nord·0rest)‚

178 2284 361 2363 navigaturo
381 2282 454 2344 dicit
474 2284 563 2344 valde
588 2280 708 2344 reflare(
731 2283 809 2344 Edd.
832 2284 907 2344 lens.
931 2295 961 2344 et
982 2283 1074 2345 Herv.
1095 2285 1151 2345 etsi

178 2391 284 2449 etesiae
310 2411 334 2451 ν.
355 2389 535 2472 reflaverint,
556 2392 639 2472 quod
660 2388 754 2472 ¹aliqui
783 2402 977 2452 correxerunt
1002 2390 1060 2452 nisi
1076 2411 1102 2451 e.
1122 2412 1146 2451 ν.

176 2495 350 2577 reflaverint.
378 2496 449 2558 Mox
477 2495 531 2558 sed
553 2498 646 2580 purus
672 2497 757 2572 uolo,
783 2497 855 2558 scil.⁴
874 2496 914 2559 ad
939 2495 1056 2560 urbem.
1073 2517 1145 2558 csse.

174 2602 345 2686 Malaspina
376 2601 458 2664 huuc
487 2604 589 2665 locum
619 2625 637 2664 a
663 2604 776 2665 mendo
794 2624 857 2665 non
885 2624 987 2665 carere
1014 2605 1145 2686 putavit.

175 2708 284 2770 Lamb.
304 2707 359 2770 sed
368 2710 513 2794 festinare
529 2711 621 2794 plane
643 2712 716 2772 νοίο.

140 2837 175 2878 10
195 2815 242 2877 Ab
264 2818 299 2877 iis
320 2816 561 2899 magistratibus,
581 2840 600 2878 a
621 2816 733 2900 quibus
754 2817 988 2902 supplicationes
1001 2815 1144 2878 obtinue-

175 2935 241 2996 rat,
266 2911 407 3006 sperabat
428 2936 458 2987 et
478 2923 685 3008 triumphum,
707 2928 759 3009 qui
786 2926 967 3008 plerumque
992 2922 1143 3006 supplica·

174 3032 290 3091 tionem
313 3031 573 3114 consequebatur3
594 3054 642 3115 ep:
664 3032 816 3094 CCLXVl
839 3042 869 3093 et
890 3031 1073 3103 CCLXVll,'
1097 3052 1122 3090 1.

141 3157 170 3196 11
195 3137 350 3199 Manutius
371 3138 480 3199 edidit:
502 3151 621 3220 cegmm
641 3139 702 3200 Issi
720 3141 914 3224 retinuissem,
935 3140 1008 3221 quia
1028 3139 1060 3198 in
1081 3157 1147 3198 om·

174 3242 264 3306 nibus
285 3244 338 3304 lib.
359 3266 428 3306 mss.
450 3246 581 3328 legitur,
601 3256 753 3330 corrupte.
767 3245 907 3328 quidem,
927 3264 1048 3326 aegrum
1067 3264 1145 3317 esse,

170 3351 220 3412 vel
241 3372 362 3433 aegrum
376 3352 451 3412 Esee
466 3353 652 3436 reliquissem.
675 3354 736 3414 Alii
758 3352 842 3413 aliud
862 3372 975 3413 nomen
996 3353 1145 3431 excogita-

172 3468 260 3531 runt,
280 3469 315 3519 ut
335 3457 427 3519 Nisae
447 3469 478 3519 et
499 3459 607 3535 Sidae,
627 3470 657 3521 et
679 3458 943 3542 Tunstalluspcg.
959 3457 1019 3534 '144
1039 3465 1141 3535 ἀσιτίᾳ.

172 3562 211 3624 Se
231 3563 332 3624 Patris
353 3584 478 3647 aegrum
501 3567 646 3626 Tironem
670 3566 828 3649 reliquisse
848 3566 923 3627 dicit
941 3561 1012 3624 alibi
1028 3561 1143 3620 Cicero.

172 3668 254 3730 Hinc
273 3669 351 3730 nihil
372 3671 497 3744 melius,
518 3692 610 3754 quam
634 3676 720 3754 sequi
736 3672 783 3734 ed.
798 3673 905 3743 Rom„
926 3684 1004 3750 quae
1024 3675 1141 3728 tautum

171 3775 282 3850 habet,
303 3778 386 3860 quod
407 3800 475 3838 curn
500 3779 663 3852 Ernestio‚
686 3779 828 3841 Schiitzio
849 3789 879 3839 et
899 3776 1016 3848 Clerico
1043 3769 1141 3833 edidi·

172 3904 247 3946 mus.
274 3887 310 3947 ln
338 3907 397 3968 seq.
428 3886 566 3950 membro
595 3887 662 3949 edd.
692 3890 767 3950 lens.
799 3885 887 3960 aldi,
915 3883 1007 3945 Herv.
1035 3877 1141 3941 melius

173 4013 231 4052 esse
251 4014 287 4055 er.
