2626 4854
154 322 226 419 248
480 344 652 399 :norom
676 346 807 395 ccxcix.
933 345 966 394 ιι,
983 347 1020 397 v.
1038 347 1067 397 c
1085 349 1135 413 ,οι

152 449 254 523 nobis
279 449 436 523 locutum
461 449 655 525 audiebam.
677 447 749 521 Sed
772 472 915 548 prorsus
931 449 983 522 ita
1000 476 1096 551 esse,
1120 465 1159 526 ut

152 574 293 675 scribis,
308 574 394 647 mihi
410 574 609 675 persuades.
623 579 747 677 Itaque
766 599 831 673 ego
847 575 877 648 is
893 577 931 648 in
947 575 1048 651 illum
1067 604 1158 677 sum,

152 726 256 801 quem
283 713 321 772 tu
347 727 403 774 me
429 726 504 774 esse
530 703 592 775 vis.

202 856 224 900 2
250 828 353 900 Diem
371 841 471 899 tuum
489 844 504 876 ²
521 854 585 927 ego
605 852 743 930 quoque
763 852 807 899 ex
828 826 977 927 epistola
1004 827 1155 930 quedam

152 967 230 1054 tua,
243 981 348 1056 quam
365 957 554 1056 incipiente
572 954 740 1028 febricula
758 955 965 1056 scripseram,
982 954 1071 1028 mihi
1093 981 1152 1030 uo·

152 1094 324 1181 toveram3
349 1082 733 1180 etunimadverteram,
757 1106 882 1181 posse,
913 1096 1151 1183 prorsusne,

152 1223 188 1280 te
220 1234 292 1281 non
325 1208 547 1281 incommode
581 1207 629 1282 ad
660 1234 716 1281 me
749 1209 788 1281 iu
819 1206 1001 1282 Albanum
1038 1210 1149 1283 venire

152 1335 205 1406 III
230 1334 349 1408 Nonas
374 1337 561 1408 Ianuarias.
581 1334 669 1433 Sed,
694 1333 820 1407 amabo
842 1348 895 1433 tc,
919 1333 1014 1407 nihil·
1027 1336 1145 1409 incom-

150 1460 259 1533 modo
285 1459 487 1534 valitudinis
513 1462 644 1535 feceris.
664 1460 761 1554 Quid
778 1461 871 1533 enim
891 1475 945 1533 est
963 1475 1101 1534 tentum
1117 1463 1147 1535 in

152 1612 241 1686 uno,
267 1600 328 1659 aut
353 1586 463 1660 altero
490 1586 566 1660 diet
878 1680 881 1685 Ι

203 1713 224 1785 3
239 1712 459 1787 Dolabellam
477 1712 582 1787 video
598 1714 720 1787 Liviae
741 1726 953 1819 testamento
973 1740 1056 1786 cum
1074 1712 1146 1785 duo·

151 1837 217 1911 bus
244 1838 476 1912 coheredibus
494 1866 568 1912 esse
587 1841 625 1911 in
641 1840 784 1938 triente3
810 1836 873 1911 scd
890 1839 1005 1911 iuberi
1022 1853 1145 1911 mutare

151 1990 291 2037 nomen.
313 1968 380 2038 Est
404 1971 551 2035 πολιτικὸν
577 1979 712 2064 σκέμμα,
737 1980 918 2038 rectumne
944 1954 1019 2038 sit³
1045 1963 1145 2038 nobili

152 2089 366 2162 adolescenti
378 2105 513 2165 mutare
533 2117 664 2166 nomen
677 2089 829 2166 mulieris
847 2105 1070 2164 testamento.
1087 2089 1144 2162 Sed

150 2214 189 2286 id
222 2220 461 2312 φιλοσοφώτερον
492 2218 510 2283 4
542 2221 807 2317 ὃιευκρινήσομεν,
844 2246 953 2320 quum
987 2220 1126 2293 sciemus
1134 2272 1143 2315 7

152 2355 324 2442 quantum
350 2345 448 2444 quusi
474 2346 520 2417 sit
545 2348 582 2418 in
609 2346 745 2420 trientis
771 2347 898 2419 triente
923 2348 950 2418 ⁵.

201 2469 226 2562 4
251 2468 360 2560 Quod
384 2472 517 2570 putasti
542 2472 635 2571 fore,
658 2486 699 2544 ut
724 2486 821 2571 ante,
847 2498 955 2573 quam
979 2474 1069 2546 istuc
1092 2497 1143 2546 ve-

150 2593 280 2692 nirem,
305 2597 515 2695 Pompeium
541 2599 719 2698 viderem5
744 2599 874 2671 sactum
900 2613 955 2671 cst
980 2601 1040 2673 ita.
1064 2599 1143 2674 Num

150 2720 204 2790 VI
229 2721 305 2792 Kal.
334 2723 380 2794 ad
405 2706 617 2797 Lavernium
643 2729 659 2775 ⁶
685 2752 741 2798 me
767 2739 976 2799 consecutus
1003 2740 1064 2799 est.
1076 2726 1143 2796 Una

150 2846 309 2918 Formias
336 2857 512 2949 venimus⁷
538 2866 573 2923 et
591 2851 635 2922 ab
655 2851 742 2924 hora
761 2867 886 2924 octava
904 2851 951 2926 ad
968 2877 1142 2952 vesperum

96 3042 103 3051 ,
152 2986 285 3042 secroto
304 2974 469 3048 collocuti
490 3006 618 3050 sumus.
638 2980 746 3071 Quod
765 2981 918 3080 quaeris,
944 3007 1055 3081 ecqua
1074 3004 1142 3079 spes

151 3098 403 3193 pacificationis
429 3105 489 3175 sit:
523 3119 692 3205 quantum
726 3133 769 3178 ex
793 3108 956 3205 Pompeii
981 3107 1091 3179 multo
1113 3118 1142 3176 ct

151 3238 315 3296 accurato
341 3254 501 3301 sermone
526 3233 704 3331 perspexi,
740 3259 784 3304 ne
818 3232 981 3305 voluntas
1014 3233 1142 3335 quidem

150 3361 212 3420 est.
232 3349 288 3423 Sic
312 3355 406 3426 enim
423 3358 613 3455 existimat,
640 3361 670 3430 si
689 3358 746 3430 ille
760 3379 793 3457 7,
818 3358 875 3433 vel
895 3359 1041 3434 dimisso
1060 3385 1142 3431 exer·

150 3475 242 3573 citu7
269 3479 390 3550 consul
416 3482 529 3554 faetus
555 3486 616 3583 sit,
642 3492 788 3578 σύγχυσιν
814 3498 878 3562 τῆς
894 3490 1045 3564 πολιτείας
1070 3486 1140 3557 sore.

148 3601 265 3701 Atque
291 3606 395 3678 etiam
423 3623 540 3707 putat,
568 3637 664 3708 eum,
701 3638 808 3710 quum
835 3610 1000 3709 audierit,
1033 3625 1142 3684 contra

149 3752 185 3797 se
211 3729 226 3778 ⁸
254 3728 437 3828 diligenter
461 3738 593 3834 parari,
626 3736 845 3809 consulatum
871 3737 941 3809 hoc
968 3765 1061 3811 anno
1088 3763 1142 3809 ne-

151 3850 361 3957 glecturum,
386 3887 427 3973 pc
454 3864 572 3962 potius
591 3865 777 3936 exercitum
798 3865 1083 3965 provinciamque
1098 3887 1156 3934 re-
