2678 4860
175 351 226 449 98
509 363 679 423 nrrsrom
706 365 842 415 cccxiv.
957 361 989 413 n.
1005 365 1039 411 v.
1058 365 1086 410 c.
1106 361 1155 424 με

48 477 52 491 ‘
174 475 235 575 qui
261 497 336 545 esse
362 469 476 543 dehet.
503 468 586 541 Tibi
619 481 737 540 tamen
771 491 914 540 causam
949 479 1076 553 notam,
1105 493 1184 541 esse

172 598 291 697 volui,
308 612 344 669 et
357 595 403 668 ad
418 588 537 694 ipsum
555 593 642 666 haec
659 593 847 693 perscripsi
866 591 1131 689 diligentissime
1140 594 1182 664 ³².

172 723 325 798 Omnino
351 721 442 814 (soli
459 702 556 792 enim
572 729 716 809 sumus)
742 717 857 790 nullas
876 743 1043 818 umquam
1061 717 1107 790 ad
1124 743 1183 792 me

63 933 64 936 Ἴ
171 834 293 922 literas
314 848 411 919 misit
434 839 586 944 Brutus,
611 871 656 917 ne
682 845 842 944 proxime
867 841 1009 945 quidem
1035 843 1080 917 de
1109 845 1182 943 Ap-

171 975 256 1084 pio,
278 964 315 1044 in
343 971 468 1074 quibus
485 997 559 1045 non
576 972 707 1043 inesset
725 995 912 1071 arrogans,
936 948 1130 1051 ἀκρινώνητεν
1148 971 1181 1019 ³³

172 1098 312 1199 aliquid.
339 1098 420 1171 Tibi
446 1112 565 1171 autem
589 1096 694 1170 valde
721 1096 812 1169 solet
838 1097 961 1169 inore
987 1121 1080 1193 esse,

736 1247 868 1306 Granius
889 1257 992 1306 autem
1058 1273 1061 1276 ·

223 1404 227 1413 .
251 1348 318 1407 Non
338 1359 530 1408 contemnere
552 1350 579 1405 ³4
600 1368 650 1419 se,
670 1357 700 1406 et
721 1367 805 1426 reges
826 1344 924 1406 odisse
945 1344 1101 1426 superbos.

170 1482 214 1554 In
239 1507 309 1584 quo
335 1495 454 1553 tamen
479 1479 536 1552 ille
561 1479 649 1552 mihi
674 1481 783 1553 risum
808 1479 939 1576 magis,
975 1503 1080 1579 quam
1106 1491 1180 1550 sto·

169 1584 501 1682 machummovere
527 1604 633 1700 solet:
659 1605 723 1677 sed
747 1592 853 1704 plane
878 1630 1004 1703 parum
1030 1605 1197 1702 cogitat,

173 1732 260 1833 quid
284 1731 435 1830 scribat,
461 1746 521 1803 aut
547 1730 593 1802 ad
617 1756 729 1831 quem.
909 1711 910 1714 Ἴ

186 1915 189 1920 -
219 1861 244 1952 4
269 1860 312 1950 Q.
330 1859 453 1932 Cicero
478 1883 566 1957 puer
590 1855 692 1955 legit,
717 1870 757 1928 ut
782 1858 928 1956 opinor,
955 1867 992 1926 et
1017 1868 1111 1927 certe
1130 1855 1181 1950 ³⁵,

172 1983 364 2083 epistolam
387 1985 595 2083 inscriptam
620 1983 714 2081 patri
739 2007 811 2054 suo.
838 1981 935 2054 Solet
970 1981 1064 2052 enim
1096 2007 1181 2080 ape·

170 2111 257 2206 rire,
289 2108 397 2210 idque
430 2108 475 2180 de
501 2133 581 2180 meo
609 2107 778 2203 consilio,
811 2108 842 2180 si
873 2107 959 2207 quid
990 2106 1080 2179 forte
1113 2108 1181 2206 sit,

169 2234 267 2335 quod
292 2259 381 2333 opus
408 2236 453 2306 sit
469 2235 558 2306 sciri.
577 2235 618 2306 ln
635 2259 676 2305 ea
695 2247 813 2306 autem
830 2232 979 2332 epistola
998 2246 1074 2306 erat
1090 2232 1180 2307 illud

168 2359 264 2432 idem
290 2359 334 2431 de
359 2384 479 2447 sorore
498 2361 547 2460 ³⁶,
572 2358 669 2460 quod
696 2358 833 2431 adme.
859 2360 1007 2431 Mirifice
1034 2372 1179 2431 contur-

167 2483 290 2557 batum
316 2485 390 2558 vidi
415 2512 571 2585 puerum.
597 2488 814 2586 Lacrymans
840 2511 980 2564 mecum
1014 2497 1067 2558 est
1093 2511 1179 2586 que-

168 2624 251 2688 stus.
277 2611 376 2703 Quid
391 2588 559 2714 quaeris?
590 2614 718 2685 miram
744 2614 781 2684 in
808 2637 850 2685 eo
875 2612 1066 2712 pietatem,
1098 2638 1179 2686 sua-

168 2738 332 2835 ritatem,
357 2738 680 2839 humanitatemque
707 2739 889 2839 perspexi:
916 2764 986 2839 quo
1006 2738 1178 2810 maiorem

168 2878 268 2950 spem
293 2853 424 2952 habeo,
453 2856 542 2942 nihil
574 2857 649 2928 sore
675 2856 798 2960 aliter,
835 2881 876 2927 ac
900 2855 1034 2927 deceat.
1071 2854 1115 2926 Id
1141 2868 1176 2926 te

166 2977 272 3074 igitur
296 2980 385 3051 scire
409 2981 516 3055 volui.
979 3047 981 3055 .

198 3084 240 3174 λ5
266 3103 319 3176 Ne
344 3103 432 3178 illud
457 3105 603 3213 quidem
626 3109 923 3208 praetermittam:
948 3107 1175 3206 Hortensius,

167 3225 273 3328 filius,
297 3229 362 3302 iirit
385 3232 591 3334 Laodiceae,
610 3234 858 3334 gladiatoribus
870 3237 924 3336 ⁴³⁷,
948 3233 1121 3333 flagitiose
1139 3248 1175 3308 et

167 3355 324 3453 turpiter.
351 3357 456 3431 Hunc
482 3386 546 3458 ego
572 3363 682 3461 patris
700 3388 805 3434 causa
824 3362 952 3434 vocavi
969 3360 1016 3434 ad
1034 3387 1175 3462 cenam,

167 3504 238 3580 quo
264 3478 320 3554 die
346 3484 465 3582 venit,
489 3499 525 3558 et
551 3486 709 3561 eiusdem
732 3488 842 3586 patris
868 3512 973 3560 causa
989 3485 1078 3558 nihil
1103 3512 1174 3559 am-

81 3602 112 3694 ,
164 3603 256 3702 plius
274 3607 315 3677 ³⁸.
341 3608 376 3680 Is
401 3610 489 3682 mihi
515 3611 619 3712 dixit,
637 3639 676 3686 se.
690 3614 838 3688 Athenis
863 3640 921 3686 me
948 3625 1178 3712 exspectatu-'

166 3754 262 3826 rum,
286 3745 327 3804 ut
351 3758 490 3807 mecum
516 3736 709 3829 decederet.
737 3740 867 3838 Recte,
892 3740 1053 3840 inquam:
1085 3738 1173 3837 quid

167 3855 259 3929 enim
285 3855 438 3932 dicerem
450 3860 468 3932 i.
491 3863 645 3971 Omnino
671 3878 759 3966 puto
784 3865 871 3938 nihil
888 3890 979 3965 csse,
1004 3862 1101 3966 quod
1119 3862 1168 3934 di·
