2626 4854
254 332 322 424 ¹⁰4
587 348 758 398 errsrom
783 348 904 398 cccxv.
1030 344 1062 396 a„
1079 348 1116 396 r.
1132 348 1163 397 e
1183 345 1234 407 70³

247 457 339 531 risus
357 456 387 506 ¹⁶
412 451 644 528 excitasseml
668 448 739 523 Sed
765 449 809 524 dc
825 447 1017 523 maiestatis
1032 447 1167 522 iudicio
1186 448 1259 524 duo

251 579 338 656 mihi
354 578 413 652 illa
429 603 472 651 ex
489 578 559 651 tuis
576 576 685 649 literis
702 575 950 649 iucundissima
968 574 1125 649 bierunt:
1136 595 1261 674 unum,

252 704 351 808 quod
375 717 411 776 te
437 703 482 776 ab
507 703 585 803 ipsa
610 727 648 775 re
672 700 813 802 publica
835 716 863 767 ¹⁷
899 698 1082 774 defensum
1112 700 1260 774 scribis:

250 855 340 933 quac
366 826 531 930 quidem,
564 828 670 900 etiam
701 827 739 899 in
764 852 899 899 summa
923 824 1100 900 bonomm
1125 838 1162 898 et
1187 825 1259 899 for·

251 957 341 1030 tium
365 955 496 1028 civium
513 953 634 1054 copia,
659 952 748 1026 tueri
770 951 856 1024 tales
875 952 968 1026 viros
985 950 1143 1052 deberet,
1164 977 1260 1024 nunc

251 1106 338 1158 vero
363 1105 406 1154 eo
431 1080 561 1178 magis,
587 1077 685 1180 quod
709 1091 807 1151 tanta
823 1079 972 1178 penuria
985 1079 1015 1130 ¹⁸
1037 1092 1092 1152 est
1106 1079 1144 1150 in
1162 1077 1260 1150 omni

252 1205 311 1282 vel
334 1205 496 1304 honoris,
521 1203 719 1278 reluctatis
737 1202 864 1302 gradu,
883 1217 1014 1276 uttam
1031 1203 1118 1277 orba
1135 1204 1261 1277 civitas

253 1329 341 1404 tales
353 1344 486 1403 tutores
502 1328 691 1428 complecti
707 1327 849 1402 debeat:
868 1327 1034 1429 alterum,
1047 1329 1147 1430 quod
1158 1331 1262 1404 Pom-

254 1457 325 1555 peii
349 1470 386 1529 et
408 1456 508 1530 Bruti
528 1473 558 1521 ¹9
582 1454 705 1554 fidem,
737 1454 1083 1557 benivolentiamque
1115 1455 1261 1527 mirifice

253 1579 386 1654 laudas.
411 1583 542 1657 Laetor
568 1581 700 1654 virtute
726 1593 762 1653 et
779 1581 897 1654 officio
914 1607 1024 1682 quum
1042 1594 1187 1653 tuorum
1205 1605 1263 1652 ne·

255 1707 499 1807 cessariorum,
533 1731 691 1781 meorum
706 1700 1038 1805 amicissimorum,
1069 1720 1147 1779 tum
1181 1706 1264 1779 alte·

254 1832 327 1905 rius
334 1889 344 1932 ,
369 1833 526 1906 omnium
551 1831 771 1906 saeculorum
788 1845 824 1905 et
842 1834 998 1930 gentium
1022 1832 1198 1932 principis
1216 1848 1263 1931 ²⁰,

257 1955 413 2057 alterius,
429 1947 637 2058 iampridem
654 1959 845 2032 iuventutis
864 1974 913 2057 ²¹,
930 1957 1089 2034 celeriter
1106 1965 1165 2045 (ιιι
1182 1984 1263 2058 spe-

256 2095 315 2173 ro)
342 2084 501 2158 civitatis.
526 2085 580 2157 De
604 2084 826 2157 mercenariis
860 2083 1008 2157 testibus
1032 2109 1054 2155 a
1079 2085 1152 2156 suis
1178 2084 1266 2158 civi·

151 2271 154 2274 .
228 2188 388 2279 'tatibus
413 2207 578 2281 notandis
596 2224 650 2307 ²²,
688 2209 756 2282 nisi
789 2211 860 2281 iam
894 2209 1024 2281 iactum
1049 2208 1188 2310 aliquid
1213 2223 1265 2282 est

257 2355 323 2429 per
337 2331 519 2430 Flaccum,
535 2334 596 2404 fiet
613 2359 634 2405 a
651 2359 724 2433 me,
742 2361 849 2434 quum
866 2361 931 2433 per
947 2326 1066 2406 Asiam
1081 2333 1263 2407 decedam.

309 2455 459 2530 2·Nnnc
484 2457 531 2530 ad
556 2457 701 2532 alteram
733 2459 920 2559 epistolam
953 2459 1065 2531 venio.
1097 2458 1211 2552 Quod
1233 2461 1263 2508 ²³

258 2579 307 2653 ad
329 2607 386 2654 me
413 2585 514 2684 quasi
539 2583 687 2658 formam
715 2587 955 2658 communium
987 2598 1206 2685 temporum,
1231 2598 1265 2658 et

258 2708 366 2781 totins
392 2710 443 2782 rei
467 2709 630 2810 publicae
647 2711 772 2783 misisti
790 2737 1004 2811 expressam:
1029 2710 1265 2810 prudentia²l

256 2829 436 2906 literarum
461 2849 600 2908 tuarum
619 2836 722 2909 valde
740 2836 826 2908 mihi
845 2853 898 2910 est
916 2851 1020 2935 grata.
1033 2836 1154 2910 Video
1172 2840 1265 2910 enim

258 2972 296 3030 et
320 2959 474 3056 pericula
505 2961 662 3060 leviora,
700 2989 806 3063 quam
841 2937 1030 3060 timebam,
1063 2976 1100 3035 et
1133 2964 1264 3036 maiora

258 3082 432 3182 praesidia
453 3087 502 3184 ²⁵,
527 3088 556 3159 si
583 3087 728 3188 quidem
755 3096 818 3176 (ut
843 3089 987 3177 scribis)
1021 3112 1146 3162 omnes
1175 3089 1267 3184 vires

260 3207 410 3281 civitatis
435 3237 472 3283 se
498 3211 544 3284 ad
569 3214 730 3313 Pompeii
766 3212 912 3286 ductum
944 3212 1193 3312 applicuerunt
1218 3216 1265 3285 ’δε

259 3346 428 3435 tuumque
454 3337 557 3411 simul
582 3353 765 3438 promtum
791 3341 946 3412 animum
966 3352 1001 3410 et
1018 3337 1171 3411 alacrem
1187 3365 1264 3438 per·
1284 3381 1303 3394 -

265 3459 366 3559 spexi
396 3460 441 3533 ad
466 3462 721 3536 defendendam
745 3490 819 3536 rem
843 3463 1041 3564 publicam,
1066 3464 1303 3537 mirificam-''-

261 3571 331 3684 que
356 3589 435 3687 cepi
460 3588 680 3688 voluptatem
706 3615 748 3661 ex
764 3588 830 3661 hac
848 3603 907 3662 tna
930 3587 1123 3688 diligentia,
1154 3588 1287 3689 quod:

239 3709 296 3780 in
321 3714 465 3786 summis
497 3716 565 3787 tuis
596 3714 903 3815 occupationibus,
938 3712 1025 3789 milri
1059 3727 1178 3787 tamen
1212 3713 1299 3789 re?

260 3834 422 3951 publicae
447 3853 579 3914 statum
607 3867 670 3942 per
695 3855 730 3914 te
755 3854 881 3916 notum
906 3865 980 3912 esse
1006 3837 1158 3913 uoluisti.
1173 3838 1303 3911 Nar-
