2678 4860
174 348 220 427 32
522 372 693 424 arrsroun
719 375 822 421 ectu.
957 372 1153 446 aucus

225 471 267 547 15
294 472 402 564 Quod
436 470 483 544 de
509 472 722 573 Philotimo,
755 489 792 548 et
824 473 868 547 de
901 474 1077 549 solutione
1106 479 1177 551 H-s

168 618 260 672 rrxnc
283 601 316 665 9⁵
350 599 489 672 scribis:
514 599 743 673 Philotimum
769 600 909 674 circiter
940 601 1090 675 Kalend.
1121 605 1178 678 Ia·

166 725 306 798 nuarias
324 725 362 796 in
378 725 640 800 Chersonesum
658 726 766 799 audio
783 728 936 801 venisse:
962 755 1003 800 ac
1020 728 1108 800 mihi
1129 728 1174 802 ali

77 842 79 846 ’
167 876 210 923 eo
227 850 315 923 nihil
333 849 457 924 adhuc.
476 851 622 953 Reliqua
640 879 717 930 mea
737 850 904 927 Camillus
922 854 1044 928 scribit
1060 882 1098 928 se
1122 882 1179 930 ac-

169 976 302 1078 cepisse
308 1005 319 1075 3
345 1002 385 1049 ea
404 1003 493 1080 quae
510 979 597 1076 sint,
614 979 754 1077 nescio,
771 992 807 1052 et
824 1005 911 1056 aveo
930 981 1027 1055 scire.
1040 968 1176 1056 Verum

168 1101 256 1177 haec
281 1104 476 1203 posterius,
501 1117 538 1176 et
563 1129 682 1182 coram
706 1106 853 1181 fortasse
879 1107 1110 1186 commodius.
1158 1172 1161 1179 .

224 1231 268 1304 16
293 1228 394 1303 Illud·
413 1256 487 1328 me,
513 1232 564 1307 mi
587 1233 722 1330 Attice,
746 1233 785 1307 in
803 1245 964 1308 extrema
987 1232 1058 1312 fere
1075 1246 1178 1333 parte

170 1356 339 1456 epistolae
366 1357 578 1454 commovit,
616 1358 738 1430 scribis
766 1360 866 1462 ,enim
897 1360 965 1435 sic:
997 1364 1032 1429 τί
1051 1348 1178 1436 lorado?

170 1481 297 1554 deinde
325 1509 382 1554 me
415 1481 580 1556 obsecras
618 1485 871 1582 amantissime,
903 1510 948 1556 ne
984 1484 1176 1567 obliviscar

169 1608 333 1707 vigilare,
357 1623 393 1681 et
422 1624 463 1680 ut
489 1609 785 1708 animadvertam,
809 1611 1178 1712 quaternionum

170 1733 256 1835 quid
282 1735 326 1812 de
345 1760 425 1838 quo
458 1735 647 1812 inaurant
684 1737 750 1814 etsi
782 1735 870 1813 nitu
907 1734 1079 1810 eiusmodi
1112 1719 1175 1813 esi.

171 1863 289 1933 Πολλοῦ
314 1891 348 1957 γε
373 1864 423 1931 καὶ
449 1864 505 1935 δεῖ.
530 1862 605 1937 Nec
631 1865 725 1936 enim
741 1862 797 1939 me
815 1862 1004 1962 fefellisset,
1030 1889 1097 1938 nec
1114 1864 1177 1937 fal-

167 1987 225 2082 let.
251 1987 323 2060 sed
346 1989 413 2061 ista
440 1989 634 2062 admonitio
660 2004 720 2062 tua
747 2004 820 2063 tam
846 2003 1025 2092 accurata,
1054 1982 1196 2069 nescio

169 2114 255 2218 quid
279 2115 367 2191 milri
391 2116 586 2214 siguificare
614 2117 688 2194 visa
715 2130 776 2192 est.

223 2395 263 2468 17
290 2368 343 2440 De
368 2369 415 2441 M.
433 2369 583 2441 Octavio
600 2385 649 2466 97,
673 2369 800 2474 iterum
815 2369 887 2442 iam
904 2368 969 2442 tibi
999 2366 1174 2468 rescrilm,
1214 2440 1217 2445 ,

167 2506 204 2565 tc
229 2492 280 2565 illi
303 2494 415 2594 probe
441 2495 675 2595 respondisse.
701 2495 826 2568 Paullo
851 2494 978 2569 vellem
995 2470 1173 2569 fidentius.

166 2620 259 2695 Nam
284 2621 423 2696 Caelius
448 2622 613 2697 libertum
638 2621 685 2695 ad
710 2648 766 2694 me
791 2623 905 2720 misit,
930 2635 966 2694 et
981 2621 1100 2697 literas
1118 2648 1174 2695 ac·

167 2760 286 2820 curate
311 2750 477 2850 scriptas,
502 2750 566 2826 sed
592 2749 636 2825 de
662 2749 853 2848 pantheris,
869 2746 994 2847 foede,
1023 2775 1064 2822 ac
1091 2749 1175 2823 civi-

166 2873 297 2946 tatibus
314 2877 357 2947 9⁸.
382 2877 575 2976 Rescripsi,
609 2875 758 2950 alterum
791 2895 848 2949 me
882 2875 1029 2950 moleste
1066 2875 1176 2979 ferre,

165 3000 196 3072 si
221 3027 286 3100 ego
312 3003 350 3075 in
375 3001 527 3080 tenebris
552 3001 721 3099 laterem,
745 3027 810 3074 nec
829 3001 1008 3074 audiretur
1021 3003 1177 3093 Romae,

165 3128 300 3201 nullum
324 3129 362 3200 in
388 3155 465 3202 mea
490 3130 672 3229 provincia
700 3154 898 3225 nummum,
937 3128 1004 3200 nisi
1035 3128 1073 3200 in
1111 3152 1172 3199 aes

166 3254 318 3328 alienum
342 3227 396 3354 al,
428 3256 586 3353 erogari,
619 3256 816 3356 docuique,
847 3279 913 3326 nec
937 3252 1024 3326 mihi
1050 3253 1170 3325 conci-

164 3356 248 3455 liare
274 3383 462 3481 pecuniam
486 3382 608 3480 licere,
634 3381 774 3454 necilli
800 3407 945 3481 capere:
979 3379 1172 3480 monuique

165 3532 263 3609 eum,
292 3535 396 3612 quem
433 3509 540 3610 plane
569 3507 699 3608 diligo,
735 3521 791 3607 ut,
823 3534 932 3607 quum
958 3505 1044 3580 alios
1070 3532 1175 3577 accu-

164 3648 296 3734 sasset,
320 3637 457 3709 cautius
484 3638 627 3712 viveret.
644 3633 740 3710 Illud
757 3649 873 3711 autem
892 3632 1061 3730 alterum,
1087 3631 1172 3704 alies

162 3791 248 3837 num
274 3765 632 3838 esse'existimatione
665 3789 761 3861 mea,
800 3762 985 3864 Cibyratas
1017 3758 1169 3860 imperio
1193 3835 1195 3838 a

162 3916 241 3965 tneo
267 3890 407 3993 publice
436 3894 566 3967 versari.
