2626 4854
155 357 202 454 76
502 373 673 425 rrrsroua
699 377 808 423 ccnxr.
935 371 965 434 Α.
986 376 1020 421 ν.
1038 377 1069 420 c.
1088 374 1138 436 703

153 506 257 581 quam
284 481 419 577 censui,
444 492 578 550 sumtus
602 478 725 575 legatis
751 503 859 578 quam
875 478 1029 550 maxime
1048 477 1097 550 ad
1114 476 1165 550 le*-

153 633 231 705 gem
256 606 455 680 Corneliam
480 604 860 704 decernendos'rltque
884 605 922 675 in
944 629 988 676 eo
1005 605 1088 703 ipso
1105 631 1165 676 me

90 743 92 746 ’
151 757 226 806 non
242 757 496 833 perseverasse,
512 745 619 803 testes
639 744 722 828 sunt
741 732 897 803 rationes
914 731 1101 802 civitatum
1114 727 1164 830 ²4,

151 859 190 932 iu
216 858 363 961 quibus,
389 872 559 959 quantum
586 882 744 958 quaeque
770 854 900 956 voluit,
932 855 1057 955 legatis
1092 859 1162 931 tuis

153 983 276 1058 datum
299 984 446 1079 induxit.
479 982 532 1057 Te
566 998 682 1058 autem
717 983 845 1085 quibus
874 984 1070 1057 mendaciis
1095 972 1162 1058 ho·

136 1149 139 1152 -
152 1113 265 1201 mines
277 1111 441 1183 levissimi
456 1108 666 1184 onerarunt?
684 1136 757 1183 non
774 1110 882 1183 modo
896 1108 1057 1183 sublatos
1070 1137 1162 1182 sum·

153 1250 210 1309 tus
227 1235 275 1335 ²5⁸,
300 1236 486 1310 sedetiam
504 1263 523 1308 a
541 1235 827 1335 procuratoribus
844 1262 985 1335 eorum,
1011 1236 1073 1336 qui
1090 1235 1163 1330 iam

151 1363 301 1464 profecti
326 1377 458 1462 essent,
481 1363 650 1462 repetitos
677 1377 713 1434 et
734 1362 888 1461 ablatos3
914 1387 1064 1463 eamque
1082 1388 1163 1435 cau-

152 1515 228 1561 sam
253 1489 369 1561 multis
396 1491 541 1562 omnino
565 1514 640 1562 non
656 1488 762 1560 eundi
780 1488 893 1560 fuisse.
913 1490 1092 1579 Quererer
1108 1503 1162 1560 te·

153 1641 234 1687 cum
266 1629 370 1716 atque
404 1614 678 1714 expostularem,
714 1616 752 1686 ni
789 1624 984 1714 (utsupra
1010 1616 1163 1715 scripsi)

151 1768 299 1844 purgare
324 1768 381 1813 me
408 1742 471 1814 tibi
496 1740 566 1814 hoc
583 1756 646 1814 tuo
664 1754 825 1841 tempore
842 1743 893 1840 ²⁶7
920 1766 1026 1841 quam
1052 1765 1161 1814 accu-

152 1895 228 1941 sare
245 1884 279 1942 te
297 1867 436 1940 mallem
442 1897 453 1968 3
477 1867 584 1969 idque
601 1881 761 1966 putarem
780 1894 854 1939 esse
873 1868 1011 1940 rectius.
1031 1867 1160 1969 Itaque

151 1994 239 2068 nihil
265 1995 309 2066 de
337 2009 387 2093 te,
414 1995 511 2095 quod
536 1994 724 2066 credideris
752 1993 795 2064 de
822 2019 895 2090 me3
926 1993 1162 2094 quamobrem

151 2147 224 2195 non
251 2120 410 2193 debueris
436 2120 594 2217 credere,
620 2146 731 2218 pauca
759 2119 885 2191 dicam.
918 2119 1011 2192 Nam
1047 2122 1077 2192 si
1103 2146 1162 2191 me

152 2249 268 2322 virum
292 2247 441 2345 bonum,
466 2247 495 2318 si
521 2246 662 2343 dignum
682 2246 735 2318 his
753 2244 876 2318 studiis
894 2272 1005 2346 eaque
1032 2246 1164 2319 doctri-

152 2397 216 2472 na,
242 2375 297 2445 cui
314 2399 370 2444 me
388 2400 408 2445 a
425 2374 575 2473 pueritia
593 2372 676 2444 dedi
688 2390 739 2471 ²⁷3
756 2374 784 2445 si
801 2375 885 2445 satis
902 2374 1022 2470 magni
1041 2375 1163 2472 animi,

152 2523 224 2571 non
251 2499 386 2570 minimi
412 2497 546 2571 consilii
571 2498 608 2570 in
633 2498 792 2570 maximis
809 2497 912 2570 rebus
930 2512 1163 2598 perspectum

151 2625 279 2699 habes:
305 2625 393 2697 nihil
417 2626 454 2698 in
479 2651 535 2697 me
561 2650 634 2697 non
660 2611 767 2697 modo
785 2623 1014 2724 perfidiosum
1044 2640 1083 2698 et
1107 2627 1165 2697 in·

152 2752 320 2827 sidiosum
339 2755 371 2804 ²⁸
397 2767 433 2824 et
458 2752 561 2824 sallax
585 2753 624 2823 in
650 2751 821 2850 amicilia,
858 2751 920 2827 sed
951 2777 997 2823 ne
1024 2749 1162 2857 humile

152 2880 293 2981 quidem
319 2894 380 2952 aut
405 2880 560 2951 iciunum
587 2878 693 2951 debes
720 2904 916 2976 agnoscere.
949 2878 1012 2949 Sin
1040 2893 1161 2950 autem

150 3031 208 3077 me
242 3019 397 3077 astutum
430 3017 466 3076 et
497 3005 676 3078 occultum
707 3006 805 3076 iuvat
828 3022 861 3071 ²9
886 3006 1037 3102 fingere:
1073 3005 1160 3106 quid

152 3146 220 3230 est,
247 3132 344 3232 quod
369 3132 483 3203 minus
511 3130 635 3204 cadere
652 3133 690 3203 in
707 3132 878 3204 eiusmodi
896 3145 1060 3204 naturam
1080 3159 1159 3232 pos·

151 3259 213 3357 sit,
239 3284 344 3358 quam
370 3272 429 3330 aut
454 3255 689 3331 florentissimi
715 3258 866 3331 hominis
892 3261 1073 3358 aspernari
1101 3260 1158 3331 he·

150 3382 402 3484 nivoleutiam,
435 3398 496 3457 aut
528 3386 601 3462 eius
629 3384 924 3491 existimationem!
947 3410 1157 3484 oppugnare

149 3512 187 3583 in
212 3513 411 3612 provincia,
438 3509 534 3584 cuius
560 3510 699 3583 laudem
726 3511 822 3583 dorni
848 3510 1069 3584 defenderis?
1097 3526 1157 3585 aut

149 3619 187 3710 in
212 3664 253 3710 ea
270 3664 307 3710 re
325 3641 480 3710 animum
497 3638 682 3712 ostendere
698 3640 896 3738 inimicum,
920 3639 957 3710 in
978 3664 1049 3743 qua
1069 3639 1157 3736 nihil

150 3764 244 3838 obsis
257 3764 278 3844 l,
296 3780 356 3838 aut
380 3764 419 3838 id
444 3765 569 3864 eligere
596 3765 641 3838 ad
665 3766 872 3865 perfidiam,
903 3764 1001 3866 quod
1028 3765 1076 3838 ad
1102 3766 1156 3838 in·

151 3891 339 3967 dcundum
356 3894 477 3966 odium
492 3895 521 3949 3⁰
541 3893 797 3992 apertissimum
814 3894 875 3991 sit,
892 3891 938 3965 ad
949 3892 1155 3966 nocendum
