2626 4854
154 364 224 454 254
526 380 699 430 naasson
723 382 793 428 ccc.
876 375 881 385 ·
936 381 1018 432 Μ.
1036 384 1068 432 c.
1085 382 1133 446 με

151 500 312 560 senatum
336 483 550 584 impediens,
575 497 637 557 aut
660 482 834 584 populum
858 484 1031 586 incitans,
1054 500 1157 561 nota·

150 628 208 686 tus
232 616 267 710 ⁶,
299 626 361 684 aut
389 625 531 715 cenaeus
565 611 729 684 consulto
761 612 1067 712 circumscriptus,
1099 628 1159 688 ant

151 738 326 836 sublatus,
353 751 414 810 aut
438 737 603 837 expulsus
630 740 692 836 sit,
718 737 886 812 dicensve
902 764 940 811 se
957 739 1158 841 expulsum,

152 865 322 939 edilium
347 865 543 964 confugerit
565 885 597 963 ⁷3
635 878 802 965 suscepto
826 878 946 939 autem
970 864 1066 940 bello
1098 882 1157 941 aut

142 992 304 1065 -teneuda
330 993 376 1065 sit
400 991 502 1091 urbs,
534 1005 596 1064 aut
621 1017 663 1065 ea
686 991 830 1092 relicta,
865 991 924 1066 ille
957 1007 1156 1067 commeatu

150 1134 188 1192 et
202 1118 343 1221 reliquis
361 1120 472 1218 copiis
488 1116 791 1192 intercludendus:
817 1117 915 1221 quod
930 1118 1063 1193 horum
1083 1145 1156 1195 ma·

149 1245 284 1343 lorum,
311 1272 462 1347 quorum
479 1245 624 1347 aliquod
640 1259 736 1318 certe
753 1245 977 1320 subeundum
995 1261 1069 1345 est,
1092 1248 1155 1321 mi·

150 1375 287 1447 nimum
310 1387 424 1472 putes
448 1373 554 1446 Dices
578 1371 756 1473 prosecm,
789 1374 994 1474 persuaderi
1022 1372 1098 1473 illi,
1120 1386 1158 1447 ut

151 1500 269 1573 tradat
294 1500 485 1573 exercitum
497 1555 508 1598 ‚
532 1501 643 1573 etita
668 1498 794 1573 consul
817 1502 889 1573 fiat
919 1502 988 1575 Est
1011 1502 1157 1575 omnine

150 1623 189 1698 id
213 1626 404 1725 eiusmodi,
436 1639 493 1726 ut,
525 1628 554 1699 si
583 1625 643 1699 ille
667 1652 711 1700 eo
738 1626 934 1700 descendat
962 1628 999 1727 ⁸,
1033 1641 1156 1702 contin

152 1753 222 1825 dici
247 1752 336 1826 nihil
359 1754 495 1854 possit3
517 1753 626 1855 idque
651 1779 750 1852 eum,
781 1755 910 1827 sinon
934 1752 1098 1854 oblinet,
1120 1766 1157 1828 ut

150 1881 240 1952 ratio
272 1878 444 1953 habeatur
477 1880 660 1953 retinentis
694 1881 904 1978 exercitum,
940 1905 1016 1953 non
1045 1880 1156 1955 facere

151 2006 267 2078 miror:
294 2005 408 2079 Nobis
435 2021 574 2106 autem,
606 2020 648 2079 ut
679 2006 825 2109 quidam
848 2020 979 2107 putant
994 2024 1034 2108 9,
1071 2004 1155 2080 nihil

150 2144 205 2203 est
230 2131 427 2204 timendum
451 2135 579 2232 magis,
605 2160 709 2235 quam
726 2133 786 2206 ille
802 2134 934 2208 consul.
950 2133 1000 2207 At
1016 2134 1068 2206 sic
1084 2160 1155 2208 ma·

149 2256 204 2355 io,
228 2258 382 2358 inquies,
408 2286 514 2359 quam
540 2285 622 2331 cum
647 2261 812 2333 exercitu.
836 2261 948 2334 Certe.
973 2259 1046 2335 Sed
1069 2260 1155 2334 istuc

150 2385 284 2482 ipsum,
317 2384 399 2456 dico
427 2401 480 2483 ¹⁰,
511 2412 679 2484 magnum
717 2385 849 2460 malum
880 2400 986 2487 putat
1016 2385 1155 2488 aliquis;

150 2536 264 2613 neque
289 2512 321 2583 ci
346 2511 540 2584 remedium
565 2527 619 2585 cst
643 2512 763 2585 ullum.
796 2510 1007 2587 Cedendum
1033 2527 1104 2614 est,
1127 2514 1154 2586 si

149 2638 188 2709 id
212 2637 317 2711 volet„
342 2637 436 2713 Vide
462 2639 643 2715 consulem
667 2640 767 2712 illum
791 2642 940 2739 iterum,
974 2667 1082 2742 quem
1105 2641 1154 2716 vi·

151 2763 233 2838 disti
259 2765 442 2839 consulatu
476 2769 602 2866 priore.
636 2768 685 2840 At
717 2781 793 2841 tum
825 2767 1022 2841 imbecillus
1055 2754 1179 2870 plus,¹

152 2892 268 2990 inquis
288 2908 329 2991 ¹¹,
353 2891 478 2992 valuit,
495 2920 600 2994 quam
617 2907 693 2979 tota
710 2921 765 2967 res
783 2893 933 2994 publica.
950 2894 1050 2986 Quid
1065 2921 1154 2968 nunc
1184 2884 1190 2903 ’

150 3017 276 3114 putas?
300 3020 350 3090 Et
374 3045 417 3092 eo
443 3021 603 3120 consule,
633 3023 808 3120 Pompeio
842 3036 977 3104 certum
1003 3036 1153 3095 estesse

150 3145 188 3212 in
212 3143 383 3242 Hispania
411 3161 450 3216 ¹².
490 3148 522 3218 0
555 3174 631 3220 rem
662 3149 847 3222 miseram!
881 3151 910 3220 si
943 3149 1088 3250 quidem
1119 3147 1153 3220 id

150 3270 265 3368 ipsum
300 3270 527 3343 deterrimum
552 3288 629 3371 est,
666 3275 764 3375 quod
796 3275 949 3347 recusari
981 3302 1059 3349 non
1091 3301 1153 3376 po·

151 3408 219 3467 test
239 3397 289 3494 ¹³3
308 3410 343 3468 et
360 3398 457 3497 quod
474 3399 531 3470 ille
549 3402 579 3472 si
595 3400 721 3498 saciat',
746 3404 816 3473 iam
834 3403 904 3473 iam
922 3428 941 3473 a
958 3401 1065 3475 bonis
1082 3429 1153 3474 om·

149 3522 252 3594 nibus
278 3551 452 3597 summam
468 3528 563 3599 ineat
580 3529 737 3626 gratiam.
751 3527 933 3601 Tollamus
950 3530 1058 3628 igitur
1073 3529 1153 3624 hoc,

151 3675 220 3748 quo
247 3648 344 3723 illum
371 3679 475 3751 posse
501 3653 630 3727 adduci
655 3669 801 3753 negant:
834 3655 877 3727 de
903 3655 1047 3757 reliquis
1072 3655 1152 3758 quid
1194 3702 1197 3706 ,

150 3788 204 3846 cst
229 3776 476 3851 deterrimum?
501 3782 705 3855 Concedere
722 3781 788 3880 issi,
814 3783 925 3883 quod,
950 3797 990 3855 ut
1012 3784 1106 3858 idem
1124 3781 1149 3847 ¹4

152 3899 254 3999 dicit,
279 3905 580 4004 impudentissime
605 3909 771 4007 postulat.
802 3910 894 3985 Num
927 3910 1015 4011 quid
1039 3912 1147 4010 impu-
