2678 4860
167 336 213 430 24
520 357 688 403 arrsrom
716 357 817 402 ccmr.
944 353 973 400 Α.
993 356 1026 400 r.
1044 356 1072 400 c.
1093 355 1141 416 7⁰²

214 489 239 561 9
265 462 451 534 Cicerones
469 460 568 558 pueri
586 473 704 530 amant
719 459 811 529 inter
827 481 882 550 sc,
900 453 1053 555 discunt,
1070 482 1166 529 exer-

166 603 303 660 centur:
329 587 392 659 sed
418 584 506 658 alter
532 582 577 683 54,
602 585 655 655 uti
673 583 761 655 dixit
777 585 946 655 Isocrates
963 584 1000 654 in
1017 582 1165 682 Ephoro

165 729 201 787 et
212 714 465 813 Theopompo,
482 711 586 784 frenis
604 723 698 808 eget,
716 708 802 782 alter
815 707 1015 781 calcaribus.
1029 710 1165 800 Quinto

165 856 283 938 togam
309 865 434 938 puram
458 837 676 910 Liberalibus
697 837 728 886 ⁵⁵
747 834 944 933 cogitabam
961 834 1053 906 dare.
1067 837 1166 907 Man·

166 968 262 1038 davit
288 967 381 1037 enim
405 979 514 1065 pater.
540 966 592 1035 Ea
618 964 669 1035 sic
694 959 909 1059 observabo,
935 962 1032 1062 quasi
1057 963 1167 1034 inter-

167 1091 318 1165 calatum
342 1115 417 1163 non
435 1092 480 1162 sit
494 1093 536 1161 55.
552 1090 742 1188 Dionysius
760 1088 845 1160 mihi
863 1086 1003 1189 quidem
1019 1088 1057 1158 in
1072 1113 1168 1159 amo·

165 1218 260 1290 ribus
287 1231 347 1289 est.
373 1218 477 1289 Pueri
503 1230 622 1288 autem
649 1215 763 1313 aiunt,
788 1240 868 1286 eum
885 1212 1038 1286 firrenter
1053 1214 1166 1286 irasci.

166 1343 237 1415 Sed
260 1341 368 1417 homo
395 1369 461 1415 nec
488 1342 626 1415 doctior
652 1344 700 1440 ⁵7,
731 1322 796 1413 nec
822 1341 978 1414 sanctior
1002 1343 1074 1414 fieri
1100 1366 1167 1440 po-

167 1484 250 1568 test,
275 1496 340 1541 nec
366 1471 414 1540 tui
442 1469 578 1568 meique
604 1467 784 1540 amantior.

221 1748 263 1794 ro
289 1707 503 1818 Thermum,
536 1717 657 1792 Silium
690 1721 721 1770 55
759 1744 841 1793 vere
878 1718 977 1792 audis
1018 1717 1165 1791 laudari.

164 1846 278 1919 Valde
304 1874 340 1920 se
365 1845 512 1921 honeste
538 1859 670 1946 gerunt.
698 1845 800 1919 Adde
834 1845 880 1918 M.
906 1845 1075 1942 Nonium,
1107 1847 1167 1918 Bi-

163 1970 302 2072 bulum,
327 1999 401 2072 me,
426 1975 455 2046 si
482 1969 588 2047 voles.
614 1974 689 2045 Iam
715 1970 852 2070 Scrofa,
877 1967 1004 2045 vellem
1030 1971 1078 2071 59,
1103 1972 1166 2044 ha-

90 2146 94 2157 1
163 2098 279 2197 beret,
305 2100 364 2170 ubi
391 2112 521 2199 posset.
549 2101 612 2170 Est
638 2099 730 2170 enim
748 2095 880 2169 lautum
898 2098 1087 2195 negotium.
1103 2099 1168 2170 Ce-

164 2227 229 2297 teri
253 2226 433 2298 infirmant
457 2229 617 2316 πολίτευμα
642 2223 787 2297 Catonis
804 2226 844 2294 ⁶⁰.
862 2224 1050 2296 Hortensio
1069 2221 1168 2324 quod

58 2383 59 2387 ¹
165 2377 304 2423 causam
329 2352 360 2401 ⁶¹
386 2375 501 2421 meam
528 2349 770 2448 commendas,
802 2348 907 2422 valde
941 2364 1085 2447 gratum.
1112 2351 1167 2422 De

165 2477 315 2549 Amiano
342 2479 396 2576 ⁶²,
416 2483 496 2576 >spei
521 2477 607 2549 nihil
633 2489 736 2577 putat
760 2502 834 2549 esse
862 2477 1061 2574 Dionysius.
1095 2477 1167 2548 Te·

163 2603 267 2674 rentii
291 2601 426 2675 nullum
451 2603 636 2701 vestigium
662 2603 798 2702 agnovi.
820 2604 1045 2700 Moeragenes
1071 2616 1167 2675 certe

165 2730 278 2828 periit.
303 2727 387 2803 Feci
419 2731 486 2802 iter
519 2756 582 2829 per
599 2730 688 2802 'eius
721 2730 998 2829 possessionem,
1034 2730 1072 2801 in
1096 2755 1166 2830 qua

165 2853 293 2926 animal
310 2853 481 2956 reliquum
498 2855 633 2927 nullum
651 2869 713 2928 est.
732 2856 829 2927 Haec
846 2880 920 2929 non
937 2881 1061 2927 noram
1080 2868 1171 2954 tum,

165 3006 272 3080 quum
298 3007 378 3052 cnm
403 2982 605 3054 Democrito
631 2995 693 3053 tuo
719 2984 750 3034 ⁶³
779 2978 919 3054 locutus
945 3007 1030 3054 sum.
1069 2981 1166 3054 Rho·

164 3107 255 3178 siaca
281 3131 364 3178 vasa
388 3106 555 3180 mandavi
581 3105 622 3178 54.
656 3106 725 3179 Sed
749 3107 837 3180 heus
863 3121 919 3206 tu,
952 3107 1037 3207 quid
1070 3109 1166 3204 cogi-

164 3230 238 3302 tasl
264 3232 301 3302 in
326 3231 470 3305 felicatis
496 3233 654 3305 lancibus
680 3236 712 3283 55
739 3246 775 3305 et
799 3230 1089 3332 splendidissimis
1107 3260 1165 3305 ca·

163 3356 302 3454 nistris,
339 3357 503 3431 olusculis
536 3385 602 3431 nos
638 3359 728 3432 soles
754 3385 919 3458 pascere,
957 3359 1041 3459 quid
1068 3372 1102 3431 te
1127 3362 1166 3432 in

92 3478 94 3485 ¹
164 3485 256 3556 vasis
282 3481 445 3558 fictilibus
470 3485 715 3585 appositurum
737 3484 880 3585 puteml
905 3491 1007 3580 Kepos
1025 3487 1058 3534 55
1075 3484 1166 3557 Phe·

162 3609 235 3711 mio
261 3609 466 3685 mandatum
491 3627 566 3684 est:
591 3611 802 3712 reperietur,
827 3610 935 3683 modo
955 3610 1084 3711 aliquid
1102 3609 1164 3683 illo

163 3733 305 3832 dignum
333 3752 443 3810 canat.

219 3887 254 3935 11
285 3863 491 3938 Parthicum
508 3864 638 3937 bellum
656 3863 846 3964 impendet.
864 3867 1002 3938 Cassius
1024 3867 1162 3963 ineptas
