2626 4854
154 340 201 410 62
486 356 656 405 rrrsront
680 359 807 408 ccnvn.
928 359 958 408 l.
978 364 1011 410 v.
1031 364 1058 409 c.
1080 364 1128 423 70³

152 465 284 564 putavi.
310 463 369 535 Dii
393 458 624 534 immortales!
650 486 754 562 quam
779 486 845 559 ego
862 463 972 536 risum
992 478 1157 539 nostrum

155 587 332 664 desidero!

204 717 226 790 5
253 713 341 788 Mihi
366 726 442 786 erat
465 713 504 784 in
529 712 664 812 animo,
691 714 857 814 quoniam
880 712 1160 790 iurisdictionem

153 841 381 939 confeceram,
394 840 553 912 civitates
565 838 829 939 locupletam,
840 839 1039 940 publicanis
1051 844 1159 917 etiam

152 967 340 1068 superioris
366 965 466 1037 lustri
492 964 640 1075 reliquaJ
674 966 747 1037 sine
772 966 949 1039 sociorum
973 966 1046 1040 ulla
1071 995 1156 1070 que-

151 1092 240 1191 rela,
266 1117 529 1190 conservatam,
554 1091 718 1190 privatis,
744 1092 906 1190 summis,
927 1094 1057 1166 infimis
1082 1093 1156 1167 fue-

48 1223 50 1226 ’
152 1245 229 1291 ram
244 1217 417 1290 iucundus
432 1218 479 1316 ¹³,
495 1216 669 1316 proficisci
687 1217 724 1288 in
742 1216 900 1290 Ciliciam
911 1200 1022 1291 Nonis
1039 1221 1158 1318 Maiis3

153 1356 205 1443 et⁷
230 1370 338 1444 quum
363 1344 478 1443 prima
504 1343 636 1415 aestiva
663 1342 872 1442 attigissem,
903 1343 1157 1445 militaremque

152 1495 227 1542 rem
252 1467 479 1542 collocassem
497 1468 544 1568 ¹4,
570 1468 738 1542 decedere
764 1496 807 1544 ex
824 1483 965 1543 senatus
982 1469 1155 1544 consulto.

152 1595 266 1695 Cupio
292 1609 327 1666 te
353 1592 502 1668 aedilem
527 1595 668 1693 videre,
698 1596 858 1696 miroque
892 1595 1066 1670 desiderio
1099 1620 1154 1668 me

152 1721 235 1795 urbs
261 1720 382 1819 afficit,
408 1735 443 1794 et
468 1746 589 1795 omnes
616 1722 698 1820 mei,
724 1735 832 1822 tuque
849 1723 886 1794 in
903 1722 1035 1821 primis.
1054 1721 1153 1795 Vale.

566 1973 753 2051 CCLVIII.
900 2015 951 2074 (ia
967 2016 1020 2060 nn.
1035 2017 1130 2076 ll,18)

150 2152 370 2231 Argumentum.
381 2151 419 2229 Q.
431 2152 565 2211 Minucio
578 2150 728 2223 Thermo,
749 2154 836 2212 Asiae
856 2154 1066 2234 propraetori,
1088 2175 1153 2212 sua·

190 2257 254 2328 det,
275 2268 308 2316 ut
328 2256 474 2316 decedens
496 2269 687 2338 quaestorem
703 2257 735 2318 C.
749 2260 911 2319 Antonium
927 2260 1047 2341 potius,
1061 2281 1154 2342 quam

190 2363 346 2444 legatum,'
364 2366 537 2445 provinciae
557 2363 720 2446 praeficiat.

253 2544 307 2596 Ser.
327 2541 465 2594 Laodiceae
483 2544 515 2596 A.
533 2543 566 2597 V.
585 2542 614 2595 C.
633 2544 759 2609 DCClll,
777 2543 852 2595 initio
870 2544 962 2595 mensis
979 2543 1050 2596 Maii.

176 2768 218 2830 n.
244 2769 280 2830 r.
305 2767 450 2832 crcrao
475 2768 557 2832 rna.
583 2770 619 2849 Q.
646 2768 813 2832 raiano
838 2747 1007 2832 naarai
1032 2768 1063 2831 s.
1088 2741 1134 2831 n

200 2981 365 3053 Officium
391 3006 507 3052 meum
534 3008 613 3082 erga
630 2982 853 3080 Rhodonem,
870 2997 1054 3084 ceteraque
1072 3009 1152 3056 mea

152 3105 267 3179 studia
284 3122 310 3205 ²,
336 3133 425 3207 quae
450 3107 514 3180 tibi
540 3134 581 3181 ac
606 3110 674 3182 tuis
706 3110 882 3209 praestiti,
907 3109 988 3208 tibi,
1013 3109 1153 3184 homini

151 3232 362 3340 gratissimo,
389 3247 486 3331 grata
513 3261 587 3308 esse
618 3234 843 3309 vehementer
871 3234 1022 3335 gaude05
1050 3236 1155 3308 mihi·

151 3384 219 3458 que
254 3358 341 3431 scito
373 3360 412 3431 in
444 3360 517 3434 dies
550 3362 672 3434 maiori
705 3387 809 3434 curae
840 3388 914 3434 esse
941 3360 1154 3460 dignitatem

150 3497 263 3556 tuam:
290 3512 378 3585 quae
404 3487 546 3586 quidem
572 3515 592 3560 a
618 3503 652 3560 te
677 3489 756 3588 ipso
787 3488 986 3586 integritate
1020 3502 1057 3561 et
1084 3489 1155 3561 cle-

150 3611 281 3682 mentia
299 3624 357 3684 tua
376 3613 425 3685 sic
444 3611 653 3712 amplificata
671 3627 741 3714 est,
766 3628 806 3686 ut
830 3612 923 3686 nihil
944 3613 1028 3686 addi
1046 3639 1156 3714 posse

151 3736 317 3811 videatur.
345 3738 414 3810 Sed
431 3739 514 3812 mihi
533 3742 640 3840 magis
658 3743 837 3842 magisque
858 3741 1015 3841 quotidie
1034 3740 1079 3812 de
1098 3767 1154 3814 ra·

151 3863 303 3938 tionibus
336 3866 403 3938 tuis
437 3867 605 3964 cogitanti
638 3867 755 3968 placet
778 3867 866 3943 illud
892 3892 1009 3941 meum
1034 3869 1152 3942 consi-
