2626 4854
166 353 232 464 194
456 370 628 424 uaisuoua
652 375 849 455 ccuxxavu.
939 371 972 422 a,
990 374 1025 423 v.
1042 372 1074 421 c.
1092 371 1141 433 με

515 603 803 678 CCLXXXVII·
899 642 1018 703 (Aaou.
1032 644 1104 703 xvi,
1118 644 1145 703 a)

159 784 380 866 Argumentum.
400 783 513 865 Rogat,
535 793 568 843 ut
587 785 670 843 omni
691 803 765 847 cusa
787 780 944 843 valitudini
967 783 1089 849 serviat.

294 1026 348 1081 Ser·
367 1026 486 1080 Leueade
502 1028 534 1088 Α.
551 1026 585 1078 V.
603 1027 634 1085 C,
654 1024 779 1091 occul,
798 1024 863 1081 VIII
883 1024 921 1081 Id.
940 1024 1009 1078 Nov.

258 1250 427 1319 TVLLIVS
452 1252 504 1314 ET
530 1250 675 1319 eleusio
702 1249 841 1323 TIRONI
866 1249 943 1314 SVO
968 1248 1000 1318 S.
1026 1248 1065 1320 l).

376 1370 429 1441 ΕΤ
455 1371 491 1449 Q.
517 1369 646 1434 PATER
671 1370 723 1431 ET
751 1366 950 1447 Q.F1L1VS.

137 1592 140 1603 ⁵
203 1609 279 1684 Nos
304 1610 400 1711 apud
424 1610 601 1711 Alyziam,
631 1636 674 1682 ex
704 1634 776 1712 quo
801 1609 882 1682 Ioco
911 1609 977 1683 tibi
1007 1627 1019 1669 ¹
1045 1609 1164 1686 literas

155 1749 237 1816 ante
261 1737 469 1816 dederamus
476 1794 487 1840 ,
523 1764 633 1811 unum
659 1738 752 1809 diem
790 1739 1001 1813 commorati
1029 1764 1159 1833 sumus,

154 1864 251 1966 quod
276 1867 430 1959 Quintus
455 1881 471 1913 ²
496 1891 563 1938 uos
588 1877 799 1938 consecutus
822 1889 898 1937 uon
924 1879 1010 1943 erat„
1029 1867 1065 1937 Is
1091 1864 1155 1937 dies

153 1993 221 2071 fuit
246 1992 371 2064 Nonae
395 1991 567 2066 Novemb.
593 1989 682 2063 Inde
708 2004 789 2062 ante
805 1989 920 2062 lucem
939 1991 1155 2090 proficiscen-

153 2131 225 2217 tes,
250 2133 332 2190 aute
349 2117 444 2190 diem
461 2119 550 2190 VIII
567 2117 652 2190 Idus
669 2116 843 2197 Novemh.
866 2116 932 2189 has
955 2116 1078 2191 literas
1102 2116 1171 2189 de·

154 2243 277 2316 dimus.
296 2245 375 2343 Tu,
400 2245 430 2316 si
454 2268 520 2316 nos
546 2269 668 2318 omnes
687 2271 801 2343 amas,
826 2257 862 2315 et
879 2245 1073 2343 praecipue
1091 2268 1155 2342 me,

151 2361 355 2459 magistrum
371 2376 471 2435 tuum
484 2363 519 2462 ὅ,
538 2365 706 2436 confirma
720 2376 764 2436 te.
778 2365 857 2460 Ego
869 2360 974 2435 valde
988 2385 1154 2462 suspenso
1185 2406 1191 2427 .

153 2488 270 2569 animo
297 2503 483 2589 exspecta,
508 2491 661 2589 primum
686 2505 722 2562 te
747 2489 897 2588 scilicet,
929 2487 1060 2560 deinde
1087 2490 1155 2561 Ma·

150 2615 286 2697 aionem
313 2642 394 2688 cum
419 2617 488 2688 tuis
507 2615 615 2689 literis
631 2616 657 2692 4.
684 2618 817 2697 Omnes
834 2616 1015 2716 cupimus,
1041 2641 1107 2714 ego
1122 2616 1157 2687 iu

151 2744 295 2847 primis,
331 2770 435 2845 quam
465 2745 620 2843 primum
646 2758 680 2816 te
706 2742 842 2823 vidauea
868 2742 953 2843 sed,
978 2743 1029 2814 mi
1055 2743 1155 2839 Tiro,

130 2869 336 2975 ¹valentem.
363 2870 481 2962 Quare
505 2856 603 2942 'nihil
634 2872 853 2970 properaris:
891 2870 976 2942 satis
1002 2868 1156 2970 quotidie

150 2992 272 3075 videro
293 2997 325 3094 ⁵,
350 2998 379 3067 si
405 2995 546 3071 valebis.
563 2996 794 3070 'Utilitatibus
828 2996 900 3069 tuis'
926 3020 1077 3096 possum
1103 3020 1154 3066 cau

148 3146 242 3201 aare:
269 3121 454 3222 muslera,
480 3138 539 3199 tua
559 3151 662 3202 causa
680 3125 833 3223 primum
850 3123 952 3223 vala,
977 3138 1056 3203 tum
1072 3147 1153 3219 mea,

148 3247 197 3328 mi
223 3249 317 3331 ‘I'iro²
343 3249 443 3331 Vale,

496 3505 801 3585 CCLXXXVHI·
887 3545 941 3602 <aa
958 3546 1011 3591 uu.
1026 3545 1088 3602 xva
1103 3543 1129 3599 4)

148 3680 368 3757 Argumeulum.
378 3682 534 3753 Houlatuu,
547 3694 581 3741 ut
595 3683 751 3746 valitudini
767 3686 886 3753 serviat,
898 3705 955 3748 nec
970 3694 1049 3755 aute,
1063 3699 1157 3772 quan}

187 3787 275 3865 plane
297 3787 491 3857 continuus
513 3792 563 3861 sit,
586 3789 736 3879 proficisci.
759 3790 883 3858 sosimus,
