2678 4860
172 335 219 428 Ae
516 349 685 400 rrrsrom
712 336 838 398 ccum.
947 346 1142 410 necque

170 473 278 532 uteo
304 454 468 528 libentius
500 453 554 524 his
587 452 810 550 commodes,
843 475 1056 550 operamque
1082 449 1168 548 des,

170 582 288 685 quoad
312 581 399 654 fides
424 594 484 652 tua
509 581 678 680 patietur,
713 592 754 650 ut
786 602 905 650 socrus
937 575 1170 648 adolescentis

169 737 228 786 rea
253 734 298 783 ne
324 709 393 780 fiat.
421 708 499 804 Ego
526 732 633 807 quum
666 719 769 784 antea
801 703 968 777 studiose
989 727 1168 775 cemmen-

170 837 297 910 dabam
330 831 540 931 Marcilium,
573 845 648 904 tum
680 831 792 904 multo
824 855 919 903 nune
954 828 1168 927 studiosius,

150 943 266 1064 ³quod
289 960 327 1031 in
350 959 455 1056 longa
481 959 700 1058 apparitione
719 956 737 1023 t
762 955 970 1055 singularem
995 968 1030 1026 et
1055 979 1167 1054 prope

168 1084 407 1160 incredibilem
431 1084 540 1184 patris
566 1084 713 1157 Marcilii
749 1083 872 1182 fidem,
905 1080 1167 1177 abstinentiam,

169 1213 444 1311 modestiamque
470 1213 629 1308 cognovi.

590 1463 740 1536 CCLIV.
788 1544 791 1551 ,
837 1456 839 1459 .
874 1504 927 1561 (aa
943 1504 994 1548 en.
1010 1503 1080 1560 xru,
1096 1503 1144 1561 ⁵7)

124 1707 127 1712 ,
168 1646 387 1726 Argumentum.
409 1642 502 1715 Petit,
522 1652 557 1700 ut
568 1643 732 1711 Anneium,
753 1639 886 1720 legatum
899 1659 1001 1710 suum,
1016 1639 1168 1709 remittat,

208 1756 330 1832 eiusque
352 1769 472 1809 causam
495 1747 672 1808 Sardianam
694 1745 892 1808 commendat.

317 1927 529 1983 Scr.'Laediceae
548 1929 578 1981 A.
597 1927 629 1981 V.
648 1927 676 1980 C.
694 1926 820 1993 DCCllI,
838 1942 923 1978 mense
938 1898 1017 1976 lllart.

290 2129 333 2190 M.
358 2129 394 2190 Τ.
420 2125 563 2190 CICERO
589 2125 757 2194 THERMO
783 2124 920 2189 PROPR.
946 2125 975 2186 S.
999 2124 1036 2186 D.

215 2345 295 2434 Quo
320 2341 428 2438 magis
454 2339 609 2440 quotidie
627 2364 668 2410 ex
685 2337 793 2411 literis
811 2340 1014 2441 nuntiisque
1032 2338 1166 2413 bellum

165 2481 361 2565 magnum¹
388 2492 462 2538 esse
494 2466 531 2537 in
556 2465 656 2564 Syria
686 2489 880 2564 cognosco,
908 2491 950 2538 ee
976 2465 1166 2539 vehemen-

165 2596 233 2666 tius
260 2621 280 2665 a
305 2607 339 2664 te
365 2617 430 2692 pro
463 2567 599 2698 nostra,
614 2592 872 2665 necessitudine
906 2594 1101 2694 contendo,
1125 2608 1167 2666 ut

163 2719 250 2791 mihi
275 2720 322 2791 Μ.
339 2720 512 2794 Anneium
537 2717 688 2816 legatum
712 2719 827 2818 primo
845 2739 986 2820 quoque
1004 2709 1166 2821 tempore

163 2847 329 2918 remittas.
354 2844 445 2918 Nam
479 2846 551 2917 eius
580 2870 709 2944 opera,
736 2844 918 2944 consilio,
935 2847 1080 2918 scientia
1114 2849 1166 2920 rei
1193 2909 1197 2913 .

163 2969 338 3067 militaris,
354 2969 410 3043 rel
426 2971 584 3071 ,maxime
609 2969 783 3069 intellige,
807 2996 863 3043 me
890 2986 925 3044 et
949 2998 1023 3044 rem
1048 2972 1163 3073 publi·

164 3121 242 3168 cam
268 3094 426 3168 adiuvari
452 3121 563 3195 pesse.
591 3096 700 3187 Quod
723 3097 790 3169 nisi
808 3111 907 3170 tanta
924 3124 978 3172 res
996 3099 1069 3171 eius
1087 3124 1164 3197 age-

163 3234 275 3318 retur,
299 3246 364 3292 nec
389 3222 465 3321 ipse
491 3220 620 3293 adduci
644 3197 833 3324 potuisset,
858 3237 898 3296 ut
923 3250 944 3296 a
969 3250 1025 3296 me
1052 3224 1164 3296 disce-

164 3345 275 3444 deret,
299 3371 412 3446 neque
438 3373 521 3446 ego,
544 3360 584 3419 ut
609 3373 689 3420 eum
715 3376 735 3421 a
761 3375 817 3421 me
837 3349 1057 3423 dimitterem.
1085 3353 1162 3448 Ego

161 3472 199 3542 in
225 3470 414 3544 Ciliciam²
439 3474 615 3573 proficisci
642 3476 757 3573 cogito
783 3477 924 3549 circiter
944 3477 1022 3549 Kal.
1041 3478 1161 3549 Maias.

163 3597 256 3668 Ante
289 3623 367 3670 eam
399 3599 492 3671 diem
516 3601 670 3675 Anneius
703 3601 749 3674 ad
777 3595 832 3674 me
862 3602 982 3675 redeat
1011 3617 1163 3701 opertet.

161 3719 269 3822 Illud,
296 3723 407 3824 qued.
418 3739 534 3798 tecum
560 3742 596 3799 et
621 3754 739 3801 coram
765 3744 801 3802 et
825 3756 889 3830 per
912 3729 1062 3801 literas3
1089 3728 1163 3801 dili·

165 3850 366 3943 gentissime
392 3853 460 3950 egi,
483 3852 522 3925 id
547 3868 582 3926 et
609 3879 704 3960 nurse
730 3857 833 3929 etiam
859 3871 962 3958 atque
988 3857 1092 3928 etiam
1111 3881 1167 3929 ro-
