2626 4854
273 324 346 403 286
622 342 909 392 succursores

310 447 408 508 bellue
429 442 623 521 collocanda3
649 445 777 518 cumdii,
802 446 874 526 quia
902 443 1063 526 scripserut
1084 445 1202 507 Caelius
1229 449 1274 512 his

311 550 426 617 verbis:
451 552 550 613 Sires
572 552 626 612 tibi
652 574 712 614 nou
737 552 918 635 displicebit,
944 565 1041 612 tunoeu
1068 554 1124 613 hoc
1151 567 1274 645 tempore

310 659 431 724 nihilde
455 671 506 720 tua
519 660 672 721 voluntate
693 657 854 732 osteudus,·
873 681 921 741 cp.
937 659 1089 731 CCXHI,
1110 681 1139 720 2.
1160 662 1274 727 Mauut.

272 771 290 832 3
311 769 488 852 susceptam
507 788 544 828 ex
563 787 621 839 eo,
642 766 727 849 quod
745 765 840 828 irater
859 767 925 827 eius
944 765 981 826 P.
1001 766 1127 828 Clodius
1157 772 1274 852 capitali

309 877 381 938 odio
401 897 420 937 a
440 874 585 936 Cicerone
604 872 770 935 dissideret.
791 873 1006 956 Depositum,
1036 885 1164 936 auctore
1184 876 1274 937 Pom-

309 986 395 1069 peio,
414 983 500 1045 cuius
520 980 585 1043 filio
607 983 697 1064 Appii
717 980 783 1041 filio
802 990 955 1063 nupserat
971 979 1007 1041 ld
1027 983 1230 1062 cognovimus
1242 1005 1274 1044 ex

309 1090 361 1154 tib.
382 1088 580 1171 epistolarum
608 1090 723 1149 incerto
754 1085 795 1149 ud
819 1088 861 1148 M.
880 1086 1014 1148 Brutum
1042 1087 1127 1168 apud
1148 1089 1270 1166 Quintil.

309 1197 372 1270 lX,
393 1197 429 1270 3,
449 1197 502 1274 4ιε
527 1195 594 1276 Ego
613 1216 705 1278 qutun
728 1196 761 1256 iu
783 1195 911 1276 gratiam
935 1192 1070 1255 redierim
1090 1216 1160 1256 cum
1179 1197 1274 1279 Appio

313 1301 456 1377 cuiun,
474 1314 505 1364 et
523 1300 659 1364 redierim
676 1323 735 1384 per
755 1299 808 1363 Cre
830 1302 1014 1384 Pompeium.
1033 1301 1153 1363 Munut.

270 1411 290 1489 4
310 1411 411 1472 Locus
428 1420 638 1472 controversus
658 1418 690 1472 'et
699 1409 807 1491 plenus
823 1408 1023 1470 dissensionis.
1033 1406 1186 1470 Codicum
1193 1408 1271 1470 snb.

309 1517 421 1600 aliqui:
443 1517 583 1602 quoniam
602 1516 728 1578 comicus
744 1516 845 1577 martir
867 1516 947 1595 (sive
960 1515 1154 1594 aurunt*
1174 1514 1272 1576 crudit

307 1621 464 1697 Phaunm
483 1624 553 1686 ulii:
576 1645 666 1708 quom
685 1615 801 1696 sepitis
820 1620 926 1698 μάρτνς
949 1655 991 1671 -
1009 1620 1120 1685 mittis
1140 1621 1268 1697 Plautum

311 1742 403 1814 utque
416 1752 495 1793 unus
508 1750 545 1794 ex
557 1730 606 1793 his
617 1729 750 1805 accedit,
770 1729 825 1794 scd
836 1750 874 1792 ex
886 1729 1106 1792 emendatione.
1127 1727 1268 1791 Emende-

308 1840 423 1899 tionem
436 1838 730 1921 Mamm-Lagnum
749 1816 921 1920 sequimur,
941 1842 995 1919 qui
1007 1847 1173 1922 praetereo
1188 1835 1267 1898 habet

310 1957 342 2006 tu
360 1946 430 2022 scis,
450 1957 481 2006 tu
500 1967 531 2005 es
551 1946 637 2007 testis.
658 1945 761 2026 Vulgo
781 1944 924 2029 quom'etm
937 1962 964 2000 κ·
982 1942 1178 2025 μ--οοοιὶίἰε
1198 1945 1264 2007 Pta-

310 2054 377 2126 niu,
397 2054 429 2112 in
450 2072 513 2134 quo
532 2051 643 2114 accidit
662 2051 855 2113 Camerarius
875 2054 908 2113 in
931 2051 1040 2114 oceidit
1058 2053 1203 2115 mutavit.
1221 2048 1262 2110 Bi-

309 2159 418 2220 fariam
439 2159 621 2221 dividuntur
635 2161 823 2242 interpretes.
836 2159 950 2233 Primi,
970 2161 1024 2241 qui
1036 2169 1070 2222 et
1082 2161 1265 2230 recentiores,

311 2267 354 2326 sic
374 2265 556 2348 explanant:
577 2267 648 2338 Tu,
675 2265 785 2340 Curio,
811 2287 843 2329 es
863 2268 962 2339 testis,
982 2265 1102 2348 tibique
1123 2268 1186 2328 iam
1204 2265 1265 2325 ulter

311 2373 393 2432 testis
414 2371 528 2432 accedit
542 2371 673 2445 Phania,
701 2373 792 2455 Appii
806 2372 949 2461 libertus,
968 2394 1005 2434 ex
1024 2391 1090 2454 quo
1101 2373 1144 2434 de
1162 2392 1226 2434 mes
1240 2373 1265 2430 in

312 2499 343 2538 se
357 2477 561 2540 benivolentia
576 2480 692 2562 Appius
707 2501 890 2561 cognoscere
903 2483 963 2540 iam
978 2482 1089 2562 putuit.
1111 2481 1172 2541 ulii
1191 2500 1265 2550 vero,

311 2588 389 2645 inter
402 2607 479 2668 quos
494 2587 668 2648 Gronovius
682 2609 688 2646 :
711 2589 835 2648 Testem
848 2588 923 2647 dare
936 2599 1076 2670 poteram
1090 2598 1161 2648 onte
1175 2607 1264 2648 omues

309 2691 452 2754 libertum
466 2696 529 2754 eius
544 2693 708 2770 Phaniam3
723 2715 805 2754 nuuc
823 2706 853 2754 te
866 2696 968 2776 potius
983 2693 1149 2777 appellabo
1162 2698 1265 2776 ipsum,

312 2788 441 2882 quando¹
461 2801 532 2874 ille,
555 2804 587 2862 ui
606 2801 718 2875 fallor,
744 2800 909 2862 Acherunti
937 2804 1058 2883 potius,
1087 2823 1183 2884 quam
1202 2803 1266 2860 inter

311 2927 456 2987 superos,
486 2909 692 2968 testimonium
729 2918 829 2989 potest
867 2906 1041 2989 perhibere.
1072 2907 1165 2968 Hunc
1189 2915 1264 2966 vocat

312 3006 428 3082 κωμικὸν
446 3011 572 3087 μάρτυρα
591 3014 706 3074 nullam
721 3015 812 3074 aliam
826 3012 867 3074 ob
889 3035 1030 3085 causam,
1050 3035 1147 3095 quam
1167 3012 1206 3076 ob
1223 3032 1266 3071 no

312 3138 381 3176 men
402 3122 536 3199 personis
558 3123 681 3181 scenicis
702 3123 819 3204 imponi
841 3121 981 3193 solitum,
1012 3131 1047 3181 ut
1069 3121 1171 3182 Sosius
1198 3117 1265 3202 apud

311 3223 499 3284 Terentium.
533 3225 679 3287 Erasmus
709 3227 871 3310 legendum
902 3231 1069 3309 suspicatus
1098 3239 1143 3289 est
1163 3219 1267 3296 οῑκῑῑόί,

311 3328 424 3391 scilicet
444 3331 627 3394 domesticus
647 3338 750 3410 testis3
772 3346 852 3395 recte
875 3325 1017 3417 quidem,
1038 3335 1062 3394 si
1081 3335 1189 3396 saltem
1201 3352 1267 3393 unus

310 3436 337 3495 ei
358 3458 413 3498 ms.
434 3439 661 3520 suffragaretur.
684 3441 772 3502 Amb.
798 3442 834 3519 14
856 3440 991 3502 Comicus
1010 3454 1099 3501 vater.

271 3541 290 3602 5
313 3542 505 3626 Pompeii-
524 3548 671 3621 Brutum,
691 3548 760 3608 vide
782 3549 812 3608 in
833 3569 881 3631 ep.
902 3570 986 3630 sup„
1005 3547 1035 3608 6.
1056 3549 1097 3608 In
1118 3548 1225 3631 optatis
1240 3546 1268 3606 ut

311 3653 462 3734 rescripsit
480 3652 591 3717 Ernest
618 3677 652 3716 ex
676 3655 744 3716 cdd.
765 3677 810 3736 pr.
834 3675 889 3716 ms.
910 3675 984 3728 suo,
1016 3665 1046 3716 et
1075 3655 1135 3716 Gu.
1156 3654 1267 3737 Quibus

311 3757 387 3817 udde
408 3759 479 3819 chl.
501 3764 526 3821 A
536 3806 547 3835 ,
566 3761 606 3833 Β,
630 3772 660 3823 et
681 3762 751 3822 Rec.
774 3763 850 3822 Ante
871 3761 959 3821 illum
980 3763 1011 3822 in
1032 3783 1058 3822 o.
1080 3775 1133 3822 est.

272 3859 292 3919 6
315 3863 347 3922 lu
367 3878 538 3947 auguratu3
558 3890 605 3952 ep.
627 3868 775 3941 CXCIV,
796 3890 822 3929 2.
847 3868 970 3950 Collegit
989 3868 1081 3947 laude
1102 3883 1132 3930 et
1159 3868 1270 3932 scicntia
