<?xml version="1.0" encoding="UTF-8"?>
<!DOCTYPE html PUBLIC "-//W3C//DTD XHTML 1.0 Transitional//EN"
    "http://www.w3.org/TR/xhtml1/DTD/xhtml1-transitional.dtd">
<html xmlns="http://www.w3.org/1999/xhtml" xml:lang="en" lang="en">
 <head>
  <title>
</title>
<meta http-equiv="Content-Type" content="text/html;charset=utf-8" />
  <meta name='ocr-system' content='tesseract 3.04.00' />
  <meta name='ocr-capabilities' content='ocr_page ocr_carea ocr_par ocr_line ocrx_word'/>
</head>
<body>
  <div class='ocr_page' id='page_1' title='image "./mtulliiciceroni59cicegoog/mtulliiciceroni59cicegoog_0300.png"; bbox 0 0 2626 4854; ppageno 0'>
   <div class='ocr_carea' id='block_1_1' title="bbox 141 326 1149 1381">
    <p class='ocr_par' dir='ltr' id='par_1_1' title="bbox 522 326 1148 426">
     <span class='ocr_line' id='line_1_1' title="bbox 522 326 1148 426; baseline 0.014 -37"><span class='ocrx_word' id='word_1_1' title='bbox 522 344 559 390; x_wconf 85' lang='lat' dir='ltr'><strong>rn</strong></span> <span class='ocrx_word' id='word_1_2' title='bbox 586 341 776 392; x_wconf 79' lang='lat' dir='ltr'><strong>nrrsronss</strong></span> <span class='ocrx_word' id='word_1_3' title='bbox 1077 326 1148 426; x_wconf 85' lang='lat'><strong>295</strong></span> 
     </span>
    </p>

    <p class='ocr_par' dir='ltr' id='par_1_2' title="bbox 143 443 473 524">
     <span class='ocr_line' id='line_1_2' title="bbox 143 443 473 524; baseline -0.015 -18"><span class='ocrx_word' id='word_1_4' title='bbox 143 444 184 524; x_wconf 74' lang='grc'><strong>45</strong></span> <span class='ocrx_word' id='word_1_5' title='bbox 206 443 267 506; x_wconf 86' lang='lat' dir='ltr'><strong>Zel.</strong></span> <span class='ocrx_word' id='word_1_6' title='bbox 289 444 316 504; x_wconf 80' lang='grc' dir='ltr'><strong>Α</strong></span> <span class='ocrx_word' id='word_1_7' title='bbox 336 443 473 503; x_wconf 81' lang='lat' dir='ltr'><strong>uirorum.</strong></span> 
     </span>
    </p>

    <p class='ocr_par' dir='ltr' id='par_1_3' title="bbox 141 549 1149 955">
     <span class='ocr_line' id='line_1_3' title="bbox 141 549 1149 634; baseline 0.003 -19"><span class='ocrx_word' id='word_1_8' title='bbox 141 552 184 634; x_wconf 70' lang='lat'><strong>46</strong></span> <span class='ocrx_word' id='word_1_9' title='bbox 204 550 301 615; x_wconf 86' lang='lat' dir='ltr'><strong>Vetus</strong></span> <span class='ocrx_word' id='word_1_10' title='bbox 318 549 450 634; x_wconf 61' lang='lat' dir='ltr'><strong>peffecta</strong></span> <span class='ocrx_word' id='word_1_11' title='bbox 471 551 599 611; x_wconf 84' lang='lat' dir='ltr'><strong>restituit</strong></span> <span class='ocrx_word' id='word_1_12' title='bbox 619 570 654 610; x_wconf 85' lang='lat' dir='ltr'><strong>ex</strong></span> <span class='ocrx_word' id='word_1_13' title='bbox 675 549 758 611; x_wconf 91' lang='lat' dir='ltr'><strong>libris</strong></span> <span class='ocrx_word' id='word_1_14' title='bbox 773 553 834 612; x_wconf 90' lang='lat' dir='ltr'><strong>suis</strong></span> <span class='ocrx_word' id='word_1_15' title='bbox 854 552 1021 616; x_wconf 84' lang='lat' dir='ltr'><strong>Emestius.</strong></span> <span class='ocrx_word' id='word_1_16' title='bbox 1043 554 1149 618; x_wconf 85' lang='lat' dir='ltr'><strong>Cicero</strong></span> 
     </span>
     <span class='ocr_line' id='line_1_4' title="bbox 183 655 1149 742; baseline 0.003 -21"><span class='ocrx_word' id='word_1_17' title='bbox 183 659 260 722; x_wconf 77' lang='lat' dir='ltr'><strong>dtxit</strong></span> <span class='ocrx_word' id='word_1_18' title='bbox 278 659 413 742; x_wconf 89' lang='lat' dir='ltr'><strong>primum</strong></span> <span class='ocrx_word' id='word_1_19' title='bbox 433 657 472 718; x_wconf 91' lang='lat' dir='ltr'><strong>de</strong></span> <span class='ocrx_word' id='word_1_20' title='bbox 491 655 581 718; x_wconf 91' lang='lat' dir='ltr'><strong>rebus</strong></span> <span class='ocrx_word' id='word_1_21' title='bbox 602 678 620 717; x_wconf 92' lang='lat' dir='ltr'><strong>a</strong></span> <span class='ocrx_word' id='word_1_22' title='bbox 641 677 672 719; x_wconf 91' lang='lat' dir='ltr'><strong>se</strong></span> <span class='ocrx_word' id='word_1_23' title='bbox 693 659 753 718; x_wconf 85' lang='lat' dir='ltr'><strong>iarn</strong></span> <span class='ocrx_word' id='word_1_24' title='bbox 782 658 941 741; x_wconf 84' lang='lat' dir='ltr'><strong>perfectis,</strong></span> <span class='ocrx_word' id='word_1_25' title='bbox 972 660 1082 724; x_wconf 85' lang='lat' dir='ltr'><strong>deiude</strong></span> <span class='ocrx_word' id='word_1_26' title='bbox 1110 663 1149 724; x_wconf 92' lang='lat' dir='ltr'><strong>de</strong></span> 
     </span>
     <span class='ocr_line' id='line_1_5' title="bbox 182 763 1149 849; baseline 0.002 -22"><span class='ocrx_word' id='word_1_27' title='bbox 182 767 298 848; x_wconf 90' lang='lat' dir='ltr'><strong>coeptis</strong></span> <span class='ocrx_word' id='word_1_28' title='bbox 317 785 379 825; x_wconf 91' lang='lat' dir='ltr'><strong>non</strong></span> <span class='ocrx_word' id='word_1_29' title='bbox 400 763 554 825; x_wconf 78' lang='lat' dir='ltr'><strong>absolutis.</strong></span> <span class='ocrx_word' id='word_1_30' title='bbox 576 764 728 825; x_wconf 86' lang='lat' dir='ltr'><strong>Victorius</strong></span> <span class='ocrx_word' id='word_1_31' title='bbox 742 775 773 826; x_wconf 84' lang='lat' dir='ltr'><strong>et</strong></span> <span class='ocrx_word' id='word_1_32' title='bbox 786 784 868 848; x_wconf 82' lang='lat' dir='ltr'><strong>seqq.</strong></span> <span class='ocrx_word' id='word_1_33' title='bbox 880 770 1033 849; x_wconf 83' lang='lat' dir='ltr'><strong>prosecta,</strong></span> <span class='ocrx_word' id='word_1_34' title='bbox 1053 771 1149 831; x_wconf 90' lang='lat' dir='ltr'><strong>mani·</strong></span> 
     </span>
     <span class='ocr_line' id='line_1_6' title="bbox 182 869 1148 955; baseline 0.002 -21"><span class='ocrx_word' id='word_1_35' title='bbox 182 873 273 946; x_wconf 80' lang='lat' dir='ltr'><strong>festa,</strong></span> <span class='ocrx_word' id='word_1_36' title='bbox 291 883 327 933; x_wconf 91' lang='lat' dir='ltr'><strong>ut</strong></span> <span class='ocrx_word' id='word_1_37' title='bbox 347 871 426 932; x_wconf 89' lang='lat' dir='ltr'><strong>idem</strong></span> <span class='ocrx_word' id='word_1_38' title='bbox 446 869 603 932; x_wconf 87' lang='lat' dir='ltr'><strong>Ernestius</strong></span> <span class='ocrx_word' id='word_1_39' title='bbox 622 874 684 943; x_wconf 88' lang='lat' dir='ltr'><strong>ait,</strong></span> <span class='ocrx_word' id='word_1_40' title='bbox 704 871 879 955; x_wconf 77' lang='lat' dir='ltr'><strong>tautologia.</strong></span> <span class='ocrx_word' id='word_1_41' title='bbox 911 874 988 934; x_wconf 89' lang='lat' dir='ltr'><strong>Nam</strong></span> <span class='ocrx_word' id='word_1_42' title='bbox 1015 876 1148 937; x_wconf 78' lang='lat' dir='ltr'><strong>instituto</strong></span> 
     </span>
    </p>

    <p class='ocr_par' dir='ltr' id='par_1_4' title="bbox 151 976 1148 1381">
     <span class='ocr_line' id='line_1_7' title="bbox 151 976 1148 1054; baseline 0.001 -14"><span class='ocrx_word' id='word_1_43' title='bbox 151 998 155 1007; x_wconf 93' lang='lat'>·</span> <span class='ocrx_word' id='word_1_44' title='bbox 182 978 261 1040; x_wconf 89' lang='lat' dir='ltr'><strong>nihil</strong></span> <span class='ocrx_word' id='word_1_45' title='bbox 280 977 391 1040; x_wconf 80' lang='lat' dir='ltr'><strong>differt.</strong></span> <span class='ocrx_word' id='word_1_46' title='bbox 405 978 488 1038; x_wconf 84' lang='lat' dir='ltr'><strong>Tum</strong></span> <span class='ocrx_word' id='word_1_47' title='bbox 503 976 613 1038; x_wconf 84' lang='lat' dir='ltr'><strong>Ambb.</strong></span> <span class='ocrx_word' id='word_1_48' title='bbox 633 976 711 1051; x_wconf 90' lang='lat' dir='ltr'><strong>duo,</strong></span> <span class='ocrx_word' id='word_1_49' title='bbox 733 978 793 1040; x_wconf 86' lang='lat' dir='ltr'><strong>Zel.</strong></span> <span class='ocrx_word' id='word_1_50' title='bbox 814 978 1009 1041; x_wconf 82' lang='lat' dir='ltr'><strong>Beonstituta</strong></span> <span class='ocrx_word' id='word_1_51' title='bbox 1028 981 1103 1054; x_wconf 82' lang='lat' dir='ltr'><strong>sint,</strong></span> <span class='ocrx_word' id='word_1_52' title='bbox 1123 1003 1148 1042; x_wconf 77' lang='lat' dir='ltr'><strong>r.</strong></span> 
     </span>
     <span class='ocr_line' id='line_1_8' title="bbox 184 1083 1148 1170; baseline 0 -23"><span class='ocrx_word' id='word_1_53' title='bbox 184 1086 244 1147; x_wconf 88' lang='lat' dir='ltr'><strong>Hic</strong></span> <span class='ocrx_word' id='word_1_54' title='bbox 263 1096 359 1147; x_wconf 83' lang='lat' dir='ltr'><strong>totam</strong></span> <span class='ocrx_word' id='word_1_55' title='bbox 380 1084 531 1146; x_wconf 79' lang='lat' dir='ltr'><strong>Ciceronis</strong></span> <span class='ocrx_word' id='word_1_56' title='bbox 552 1084 781 1166; x_wconf 79' lang='lat' dir='ltr'><strong>explicationem</strong></span> <span class='ocrx_word' id='word_1_57' title='bbox 801 1083 1034 1160; x_wconf 86' lang='lat' dir='ltr'><strong>beneficiorum,</strong></span> <span class='ocrx_word' id='word_1_58' title='bbox 1065 1106 1148 1170; x_wconf 88' lang='lat' dir='ltr'><strong>quae</strong></span> 
     </span>
     <span class='ocr_line' id='line_1_9' title="bbox 182 1190 1148 1276; baseline 0 -22"><span class='ocrx_word' id='word_1_59' title='bbox 182 1195 216 1255; x_wconf 80' lang='grc' dir='ltr'><strong>ἰὴ</strong></span> <span class='ocrx_word' id='word_1_60' title='bbox 236 1195 370 1276; x_wconf 80' lang='lat' dir='ltr'><strong>Appium</strong></span> <span class='ocrx_word' id='word_1_61' title='bbox 400 1191 546 1262; x_wconf 86' lang='lat' dir='ltr'><strong>contulit,</strong></span> <span class='ocrx_word' id='word_1_62' title='bbox 566 1191 668 1253; x_wconf 83' lang='lat' dir='ltr'><strong>deesse</strong></span> <span class='ocrx_word' id='word_1_63' title='bbox 688 1191 829 1252; x_wconf 86' lang='lat' dir='ltr'><strong>viderunt</strong></span> <span class='ocrx_word' id='word_1_64' title='bbox 850 1192 919 1255; x_wconf 91' lang='lat' dir='ltr'><strong>VV.</strong></span> <span class='ocrx_word' id='word_1_65' title='bbox 940 1190 1008 1254; x_wconf 88' lang='lat' dir='ltr'><strong>DD.</strong></span> <span class='ocrx_word' id='word_1_66' title='bbox 1029 1193 1100 1255; x_wconf 90' lang='lat' dir='ltr'><strong>inde</strong></span> <span class='ocrx_word' id='word_1_67' title='bbox 1130 1213 1148 1254; x_wconf 86' lang='lat' dir='ltr'><strong>a</strong></span> 
     </span>
     <span class='ocr_line' id='line_1_10' title="bbox 181 1278 1060 1381; baseline 0 -19"><span class='ocrx_word' id='word_1_68' title='bbox 181 1298 328 1362; x_wconf 83' lang='lat' dir='ltr'><strong>Victoria.</strong></span> <span class='ocrx_word' id='word_1_69' title='bbox 348 1298 498 1361; x_wconf 78' lang='lat' dir='ltr'><strong>Fortassis</strong></span> <span class='ocrx_word' id='word_1_70' title='bbox 518 1296 558 1359; x_wconf 91' lang='lat' dir='ltr'><strong>ab</strong></span> <span class='ocrx_word' id='word_1_71' title='bbox 579 1278 645 1381; x_wconf 76' lang='lat' dir='ltr'><strong>ipso</strong></span> <span class='ocrx_word' id='word_1_72' title='bbox 667 1298 811 1360; x_wconf 85' lang='lat' dir='ltr'><strong>Cicerone</strong></span> <span class='ocrx_word' id='word_1_73' title='bbox 834 1297 971 1362; x_wconf 85' lang='lat' dir='ltr'><strong>detracta</strong></span> <span class='ocrx_word' id='word_1_74' title='bbox 991 1299 1060 1363; x_wconf 81' lang='lat' dir='ltr'><strong>fuit.</strong></span> 
     </span>
    </p>
   </div>
   <div class='ocr_carea' id='block_1_2' title="bbox 572 1510 720 1574">
    <p class='ocr_par' dir='ltr' id='par_1_5' title="bbox 572 1510 720 1574">
     <span class='ocr_line' id='line_1_11' title="bbox 572 1510 720 1574; baseline 0.007 -3"><span class='ocrx_word' id='word_1_75' title='bbox 572 1510 720 1574; x_wconf 84' lang='lat' dir='ltr'><strong>CCLXII.</strong></span> 
     </span>
    </p>
   </div>
   <div class='ocr_carea' id='block_1_3' title="bbox 140 1724 1240 3947">
    <p class='ocr_par' dir='ltr' id='par_1_6' title="bbox 145 1724 1240 3414">
     <span class='ocr_line' id='line_1_12' title="bbox 145 1724 1151 1809; baseline -0.001 -20"><span class='ocrx_word' id='word_1_76' title='bbox 145 1746 157 1789; x_wconf 81' lang='lat' dir='ltr'><strong>r</strong></span> <span class='ocrx_word' id='word_1_77' title='bbox 184 1728 220 1789; x_wconf 91' lang='lat' dir='ltr'><strong>Iu</strong></span> <span class='ocrx_word' id='word_1_78' title='bbox 240 1725 402 1809; x_wconf 88' lang='lat' dir='ltr'><strong>plerasque</strong></span> <span class='ocrx_word' id='word_1_79' title='bbox 422 1725 595 1809; x_wconf 85' lang='lat' dir='ltr'><strong>provincias</strong></span> <span class='ocrx_word' id='word_1_80' title='bbox 609 1744 680 1786; x_wconf 89' lang='lat' dir='ltr'><strong>cum</strong></span> <span class='ocrx_word' id='word_1_81' title='bbox 693 1724 925 1809; x_wconf 81' lang='lat' dir='ltr'><strong>proconsulibus</strong></span> <span class='ocrx_word' id='word_1_82' title='bbox 938 1735 991 1788; x_wconf 83' lang='lat' dir='ltr'><strong>aut</strong></span> <span class='ocrx_word' id='word_1_83' title='bbox 1004 1743 1151 1809; x_wconf 81' lang='lat' dir='ltr'><strong>proprae-</strong></span> 
     </span>
     <span class='ocr_line' id='line_1_13' title="bbox 181 1831 1151 1915; baseline 0 -21"><span class='ocrx_word' id='word_1_84' title='bbox 181 1832 300 1895; x_wconf 88' lang='lat' dir='ltr'><strong>toribus</strong></span> <span class='ocrx_word' id='word_1_85' title='bbox 321 1832 431 1915; x_wconf 75' lang='lat' dir='ltr'><strong>singnli</strong></span> <span class='ocrx_word' id='word_1_86' title='bbox 453 1834 529 1894; x_wconf 90' lang='lat' dir='ltr'><strong>iuris</strong></span> <span class='ocrx_word' id='word_1_87' title='bbox 562 1831 685 1894; x_wconf 88' lang='lat' dir='ltr'><strong>dicundi</strong></span> <span class='ocrx_word' id='word_1_88' title='bbox 720 1835 818 1915; x_wconf 77' lang='lat' dir='ltr'><strong>gratIa</strong></span> <span class='ocrx_word' id='word_1_89' title='bbox 845 1845 1019 1914; x_wconf 86' lang='lat' dir='ltr'><strong>quaestores</strong></span> <span class='ocrx_word' id='word_1_90' title='bbox 1046 1833 1151 1906; x_wconf 90' lang='lat' dir='ltr'><strong>ibant,</strong></span> 
     </span>
     <span class='ocr_line' id='line_1_14' title="bbox 181 1936 1239 2022; baseline -0.002 -20"><span class='ocrx_word' id='word_1_91' title='bbox 181 1942 216 2002; x_wconf 91' lang='lat' dir='ltr'><strong>in</strong></span> <span class='ocrx_word' id='word_1_92' title='bbox 235 1938 395 2001; x_wconf 90' lang='lat' dir='ltr'><strong>nonnullas</strong></span> <span class='ocrx_word' id='word_1_93' title='bbox 415 1936 495 2013; x_wconf 86' lang='lat' dir='ltr'><strong>bini,</strong></span> <span class='ocrx_word' id='word_1_94' title='bbox 516 1950 551 2000; x_wconf 91' lang='lat' dir='ltr'><strong>ut</strong></span> <span class='ocrx_word' id='word_1_95' title='bbox 575 1941 607 2000; x_wconf 89' lang='lat' dir='ltr'><strong>in</strong></span> <span class='ocrx_word' id='word_1_96' title='bbox 631 1939 767 2000; x_wconf 89' lang='lat' dir='ltr'><strong>Siciliam</strong></span> <span class='ocrx_word' id='word_1_97' title='bbox 782 1939 999 2022; x_wconf 79' lang='lat' dir='ltr'><strong>Lilybaetanus</strong></span> <span class='ocrx_word' id='word_1_98' title='bbox 1016 1940 1151 2022; x_wconf 84' lang='lat' dir='ltr'><strong>etSyra-</strong></span> <span class='ocrx_word' id='word_1_99' title='bbox 1227 1988 1239 2009; x_wconf 76' lang='grc'>,</span> 
     </span>
     <span class='ocr_line' id='line_1_15' title="bbox 181 2044 1151 2130; baseline -0.002 -22"><span class='ocrx_word' id='word_1_100' title='bbox 181 2066 329 2108; x_wconf 80' lang='lat' dir='ltr'><strong>cusanus:</strong></span> <span class='ocrx_word' id='word_1_101' title='bbox 353 2044 436 2129; x_wconf 91' lang='lat' dir='ltr'><strong>quod</strong></span> <span class='ocrx_word' id='word_1_102' title='bbox 451 2046 598 2130; x_wconf 88' lang='lat' dir='ltr'><strong>scriptum</strong></span> <span class='ocrx_word' id='word_1_103' title='bbox 612 2055 658 2108; x_wconf 83' lang='lat' dir='ltr'><strong>est</strong></span> <span class='ocrx_word' id='word_1_104' title='bbox 670 2046 753 2130; x_wconf 89' lang='lat' dir='ltr'><strong>apud</strong></span> <span class='ocrx_word' id='word_1_105' title='bbox 768 2048 944 2108; x_wconf 72' lang='lat' dir='ltr'><strong>Ascanium:</strong></span> <span class='ocrx_word' id='word_1_106' title='bbox 966 2044 1043 2108; x_wconf 88' lang='lat' dir='ltr'><strong>duos</strong></span> <span class='ocrx_word' id='word_1_107' title='bbox 1057 2055 1088 2107; x_wconf 86' lang='lat' dir='ltr'><strong>et</strong></span> <span class='ocrx_word' id='word_1_108' title='bbox 1102 2045 1151 2106; x_wconf 90' lang='lat' dir='ltr'><strong>Ci-</strong></span> 
     </span>
     <span class='ocr_line' id='line_1_16' title="bbox 182 2136 1151 2238; baseline -0.001 -23"><span class='ocrx_word' id='word_1_109' title='bbox 182 2175 255 2215; x_wconf 87' lang='lat' dir='ltr'><strong>cero</strong></span> <span class='ocrx_word' id='word_1_110' title='bbox 275 2152 384 2215; x_wconf 82' lang='lat' dir='ltr'><strong>habuit</strong></span> <span class='ocrx_word' id='word_1_111' title='bbox 404 2154 436 2214; x_wconf 89' lang='lat' dir='ltr'><strong>in</strong></span> <span class='ocrx_word' id='word_1_112' title='bbox 457 2153 608 2215; x_wconf 90' lang='lat' dir='ltr'><strong>Ciliciensi</strong></span> <span class='ocrx_word' id='word_1_113' title='bbox 629 2136 808 2238; x_wconf 67' lang='lat' dir='ltr'><strong>provincia,</strong></span> <span class='ocrx_word' id='word_1_114' title='bbox 826 2152 881 2214; x_wconf 89' lang='lat' dir='ltr'><strong>Cu.</strong></span> <span class='ocrx_word' id='word_1_115' title='bbox 902 2153 1082 2226; x_wconf 78' lang='lat' dir='ltr'><strong>Volusium,</strong></span> <span class='ocrx_word' id='word_1_116' title='bbox 1112 2151 1151 2215; x_wconf 91' lang='lat' dir='ltr'><strong>de</strong></span> 
     </span>
     <span class='ocr_line' id='line_1_17' title="bbox 183 2259 1151 2344; baseline 0 -24"><span class='ocrx_word' id='word_1_117' title='bbox 183 2282 247 2343; x_wconf 91' lang='lat' dir='ltr'><strong>quo</strong></span> <span class='ocrx_word' id='word_1_118' title='bbox 267 2282 315 2344; x_wconf 89' lang='lat' dir='ltr'><strong>ep.</strong></span> <span class='ocrx_word' id='word_1_119' title='bbox 337 2259 508 2333; x_wconf 84' lang='lat' dir='ltr'><strong>CXCVIII,</strong></span> <span class='ocrx_word' id='word_1_120' title='bbox 528 2260 567 2338; x_wconf 78' lang='grc'><strong>4,</strong></span> <span class='ocrx_word' id='word_1_121' title='bbox 600 2272 631 2322; x_wconf 90' lang='lat' dir='ltr'><strong>et</strong></span> <span class='ocrx_word' id='word_1_122' title='bbox 651 2262 690 2339; x_wconf 89' lang='lat' dir='ltr'><strong>Q.</strong></span> <span class='ocrx_word' id='word_1_123' title='bbox 711 2260 911 2335; x_wconf 75' lang='lat' dir='ltr'><strong>Mescidium,</strong></span> <span class='ocrx_word' id='word_1_124' title='bbox 940 2259 979 2321; x_wconf 87' lang='lat' dir='ltr'><strong>de</strong></span> <span class='ocrx_word' id='word_1_125' title='bbox 999 2281 1063 2342; x_wconf 87' lang='lat' dir='ltr'><strong>quo</strong></span> <span class='ocrx_word' id='word_1_126' title='bbox 1082 2280 1151 2343; x_wconf 88' lang='lat' dir='ltr'><strong>epp.</strong></span> 
     </span>
     <span class='ocr_line' id='line_1_18' title="bbox 181 2364 1151 2441; baseline -0.003 -12"><span class='ocrx_word' id='word_1_127' title='bbox 181 2367 361 2441; x_wconf 76' lang='lat' dir='ltr'><strong>cuxfflv,</strong></span> <span class='ocrx_word' id='word_1_128' title='bbox 380 2366 531 2440; x_wconf 85' lang='lat' dir='ltr'><strong>CCXCII,</strong></span> <span class='ocrx_word' id='word_1_129' title='bbox 552 2366 757 2440; x_wconf 84' lang='lat' dir='ltr'><strong>CCLXVHI,</strong></span> <span class='ocrx_word' id='word_1_130' title='bbox 783 2386 814 2441; x_wconf 86' lang='lat' dir='ltr'><strong>r,</strong></span> <span class='ocrx_word' id='word_1_131' title='bbox 835 2378 866 2429; x_wconf 86' lang='lat' dir='ltr'><strong>et</strong></span> <span class='ocrx_word' id='word_1_132' title='bbox 885 2364 1032 2428; x_wconf 85' lang='lat' dir='ltr'><strong>CCLXX.</strong></span> <span class='ocrx_word' id='word_1_133' title='bbox 1051 2365 1151 2429; x_wconf 85' lang='lat' dir='ltr'><strong>Volu-</strong></span> 
     </span>
     <span class='ocr_line' id='line_1_19' title="bbox 181 2474 1240 2559; baseline -0.003 -24"><span class='ocrx_word' id='word_1_134' title='bbox 181 2477 262 2536; x_wconf 90' lang='lat' dir='ltr'><strong>sium</strong></span> <span class='ocrx_word' id='word_1_135' title='bbox 302 2476 438 2559; x_wconf 91' lang='lat' dir='ltr'><strong>suspicor</strong></span> <span class='ocrx_word' id='word_1_136' title='bbox 460 2484 543 2557; x_wconf 86' lang='lat' dir='ltr'><strong>¹ante</strong></span> <span class='ocrx_word' id='word_1_137' title='bbox 577 2474 671 2536; x_wconf 90' lang='lat' dir='ltr'><strong>finem</strong></span> <span class='ocrx_word' id='word_1_138' title='bbox 698 2476 792 2536; x_wconf 90' lang='lat' dir='ltr'><strong>annui</strong></span> <span class='ocrx_word' id='word_1_139' title='bbox 823 2476 962 2557; x_wconf 84' lang='lat' dir='ltr'><strong>imperii,</strong></span> <span class='ocrx_word' id='word_1_140' title='bbox 990 2482 1151 2536; x_wconf 71' lang='lat' dir='ltr'><strong>avocatum</strong></span> <span class='ocrx_word' id='word_1_141' title='bbox 1232 2546 1240 2557; x_wconf 39' lang='grc'><strong>,</strong></span> 
     </span>
     <span class='ocr_line' id='line_1_20' title="bbox 181 2579 1152 2665; baseline -0.003 -23"><span class='ocrx_word' id='word_1_142' title='bbox 181 2581 308 2644; x_wconf 87' lang='lat' dir='ltr'><strong>fortasse</strong></span> <span class='ocrx_word' id='word_1_143' title='bbox 337 2583 481 2665; x_wconf 85' lang='lat' dir='ltr'><strong>negotiis,</strong></span> <span class='ocrx_word' id='word_1_144' title='bbox 514 2581 702 2655; x_wconf 85' lang='lat' dir='ltr'><strong>discessisse,</strong></span> <span class='ocrx_word' id='word_1_145' title='bbox 733 2593 764 2643; x_wconf 87' lang='lat' dir='ltr'><strong>et</strong></span> <span class='ocrx_word' id='word_1_146' title='bbox 787 2585 820 2643; x_wconf 89' lang='lat' dir='ltr'><strong>in</strong></span> <span class='ocrx_word' id='word_1_147' title='bbox 851 2584 927 2642; x_wconf 40' lang='lat' dir='ltr'><strong>eins*</strong></span> <span class='ocrx_word' id='word_1_148' title='bbox 940 2581 1042 2642; x_wconf 91' lang='lat' dir='ltr'><strong>locum</strong></span> <span class='ocrx_word' id='word_1_149' title='bbox 1074 2579 1152 2641; x_wconf 86' lang='lat' dir='ltr'><strong>forte</strong></span> 
     </span>
     <span class='ocr_line' id='line_1_21' title="bbox 183 2686 1153 2777; baseline -0.004 -26"><span class='ocrx_word' id='word_1_150' title='bbox 183 2688 320 2777; x_wconf 80' lang='lat' dir='ltr'><strong>Caelium</strong></span> <span class='ocrx_word' id='word_1_151' title='bbox 334 2691 463 2764; x_wconf 85' lang='lat' dir='ltr'><strong>venisse,</strong></span> <span class='ocrx_word' id='word_1_152' title='bbox 476 2699 630 2767; x_wconf 79' lang='lat' dir='ltr'><strong>extremo,</strong></span> <span class='ocrx_word' id='word_1_153' title='bbox 650 2699 685 2751; x_wconf 89' lang='lat' dir='ltr'><strong>ut</strong></span> <span class='ocrx_word' id='word_1_154' title='bbox 696 2692 827 2772; x_wconf 87' lang='lat' dir='ltr'><strong>opinor,</strong></span> <span class='ocrx_word' id='word_1_155' title='bbox 847 2708 949 2749; x_wconf 89' lang='lat' dir='ltr'><strong>mense</strong></span> <span class='ocrx_word' id='word_1_156' title='bbox 962 2686 1153 2748; x_wconf 86' lang='lat' dir='ltr'><strong>administra·</strong></span> 
     </span>
     <span class='ocr_line' id='line_1_22' title="bbox 181 2791 1152 2881; baseline -0.009 -21"><span class='ocrx_word' id='word_1_157' title='bbox 181 2799 273 2860; x_wconf 86' lang='lat' dir='ltr'><strong>tionis</strong></span> <span class='ocrx_word' id='word_1_158' title='bbox 293 2818 428 2870; x_wconf 86' lang='lat' dir='ltr'><strong>annuae,</strong></span> <span class='ocrx_word' id='word_1_159' title='bbox 459 2817 495 2859; x_wconf 83' lang='lat' dir='ltr'><strong>ex</strong></span> <span class='ocrx_word' id='word_1_160' title='bbox 516 2817 564 2881; x_wconf 91' lang='lat' dir='ltr'><strong>ep.</strong></span> <span class='ocrx_word' id='word_1_161' title='bbox 585 2796 760 2870; x_wconf 86' lang='lat' dir='ltr'><strong>CCLXIX,</strong></span> <span class='ocrx_word' id='word_1_162' title='bbox 793 2816 834 2869; x_wconf 85' lang='lat'><strong>2,</strong></span> <span class='ocrx_word' id='word_1_163' title='bbox 863 2808 893 2857; x_wconf 86' lang='lat' dir='ltr'><strong>et</strong></span> <span class='ocrx_word' id='word_1_164' title='bbox 923 2793 1011 2856; x_wconf 83' lang='lat' dir='ltr'><strong>infra.</strong></span> <span class='ocrx_word' id='word_1_165' title='bbox 1032 2791 1152 2853; x_wconf 81' lang='lat' dir='ltr'><strong>Munut.</strong></span> 
     </span>
     <span class='ocr_line' id='line_1_23' title="bbox 182 2898 1153 2987; baseline -0.004 -24"><span class='ocrx_word' id='word_1_166' title='bbox 182 2904 369 2984; x_wconf 87' lang='lat' dir='ltr'><strong>Quaestores</strong></span> <span class='ocrx_word' id='word_1_167' title='bbox 390 2903 477 2965; x_wconf 89' lang='lat' dir='ltr'><strong>ibant</strong></span> <span class='ocrx_word' id='word_1_168' title='bbox 496 2906 528 2964; x_wconf 90' lang='lat' dir='ltr'><strong>in</strong></span> <span class='ocrx_word' id='word_1_169' title='bbox 541 2905 715 2987; x_wconf 86' lang='lat' dir='ltr'><strong>provincias</strong></span> <span class='ocrx_word' id='word_1_170' title='bbox 727 2905 900 2977; x_wconf 81' lang='lat' dir='ltr'><strong>sortitione3</strong></span> <span class='ocrx_word' id='word_1_171' title='bbox 922 2898 1006 2983; x_wconf 91' lang='lat' dir='ltr'><strong>quod</strong></span> <span class='ocrx_word' id='word_1_172' title='bbox 1019 2909 1104 2981; x_wconf 90' lang='lat' dir='ltr'><strong>patet</strong></span> <span class='ocrx_word' id='word_1_173' title='bbox 1116 2916 1153 2960; x_wconf 87' lang='lat' dir='ltr'><strong>ex</strong></span> 
     </span>
     <span class='ocr_line' id='line_1_24' title="bbox 181 3005 1152 3094; baseline -0.009 -22"><span class='ocrx_word' id='word_1_174' title='bbox 181 3031 230 3094; x_wconf 93' lang='lat' dir='ltr'><strong>ep.</strong></span> <span class='ocrx_word' id='word_1_175' title='bbox 252 3010 292 3071; x_wconf 92' lang='lat' dir='ltr'><strong>ad</strong></span> <span class='ocrx_word' id='word_1_176' title='bbox 312 3011 463 3089; x_wconf 87' lang='lat' dir='ltr'><strong>Quintum</strong></span> <span class='ocrx_word' id='word_1_177' title='bbox 484 3010 611 3072; x_wconf 83' lang='lat' dir='ltr'><strong>fratrem</strong></span> <span class='ocrx_word' id='word_1_178' title='bbox 631 3010 758 3083; x_wconf 82' lang='lat' dir='ltr'><strong>XXIX,</strong></span> <span class='ocrx_word' id='word_1_179' title='bbox 779 3011 811 3071; x_wconf 85' lang='lat'><strong>3:</strong></span> <span class='ocrx_word' id='word_1_180' title='bbox 836 3008 1029 3091; x_wconf 79' lang='lat' dir='ltr'><strong>Quaesturam</strong></span> <span class='ocrx_word' id='word_1_181' title='bbox 1046 3005 1152 3078; x_wconf 81' lang='lat' dir='ltr'><strong>habes,</strong></span> 
     </span>
     <span class='ocr_line' id='line_1_25' title="bbox 184 3110 1152 3198; baseline -0.008 -19"><span class='ocrx_word' id='word_1_182' title='bbox 184 3138 245 3179; x_wconf 81' lang='lat' dir='ltr'><strong>non</strong></span> <span class='ocrx_word' id='word_1_183' title='bbox 271 3127 322 3180; x_wconf 87' lang='lat' dir='ltr'><strong>tuo</strong></span> <span class='ocrx_word' id='word_1_184' title='bbox 348 3115 455 3178; x_wconf 71' lang='lat' dir='ltr'><strong>iudicio</strong></span> <span class='ocrx_word' id='word_1_185' title='bbox 481 3117 641 3191; x_wconf 84' lang='lat' dir='ltr'><strong>delectum,</strong></span> <span class='ocrx_word' id='word_1_186' title='bbox 674 3116 729 3177; x_wconf 84' lang='lat' dir='ltr'><strong>sed</strong></span> <span class='ocrx_word' id='word_1_187' title='bbox 752 3138 839 3190; x_wconf 88' lang='lat' dir='ltr'><strong>eum,</strong></span> <span class='ocrx_word' id='word_1_188' title='bbox 865 3135 952 3198; x_wconf 86' lang='lat' dir='ltr'><strong>quem</strong></span> <span class='ocrx_word' id='word_1_189' title='bbox 972 3134 1036 3174; x_wconf 83' lang='lat' dir='ltr'><strong>sors</strong></span> <span class='ocrx_word' id='word_1_190' title='bbox 1062 3110 1152 3172; x_wconf 84' lang='lat' dir='ltr'><strong>dedit.</strong></span> 
     </span>
     <span class='ocr_line' id='line_1_26' title="bbox 180 3215 1153 3307; baseline -0.005 -21"><span class='ocrx_word' id='word_1_191' title='bbox 180 3222 224 3286; x_wconf 84' lang='lat' dir='ltr'><strong>Et</strong></span> <span class='ocrx_word' id='word_1_192' title='bbox 242 3241 301 3307; x_wconf 89' lang='lat' dir='ltr'><strong>pro</strong></span> <span class='ocrx_word' id='word_1_193' title='bbox 321 3222 449 3285; x_wconf 84' lang='lat' dir='ltr'><strong>Murena</strong></span> <span class='ocrx_word' id='word_1_194' title='bbox 474 3243 499 3284; x_wconf 89' lang='lat' dir='ltr'><strong>c.</strong></span> <span class='ocrx_word' id='word_1_195' title='bbox 520 3222 560 3285; x_wconf 71' lang='lat'><strong>8&gt;</strong></span> <span class='ocrx_word' id='word_1_196' title='bbox 579 3222 747 3305; x_wconf 81' lang='lat' dir='ltr'><strong>Quaestum</strong></span> <span class='ocrx_word' id='word_1_197' title='bbox 768 3221 919 3306; x_wconf 82' lang='lat' dir='ltr'><strong>utriusque</strong></span> <span class='ocrx_word' id='word_1_198' title='bbox 935 3215 1153 3306; x_wconf 81' lang='lat' dir='ltr'><strong>propemodum</strong></span> 
     </span>
     <span class='ocr_line' id='line_1_27' title="bbox 177 3329 600 3414; baseline 0 -22"><span class='ocrx_word' id='word_1_199' title='bbox 177 3330 251 3414; x_wconf 75' lang='lat' dir='ltr'><strong>pori</strong></span> <span class='ocrx_word' id='word_1_200' title='bbox 267 3341 413 3392; x_wconf 73' lang='lat' dir='ltr'><strong>numento</strong></span> <span class='ocrx_word' id='word_1_201' title='bbox 433 3331 518 3393; x_wconf 80' lang='lat' dir='ltr'><strong>sortis</strong></span> <span class='ocrx_word' id='word_1_202' title='bbox 527 3329 600 3414; x_wconf 84' lang='lat' dir='ltr'><strong>suit.</strong></span> 
     </span>
    </p>

    <p class='ocr_par' dir='ltr' id='par_1_7' title="bbox 140 3436 650 3520">
     <span class='ocr_line' id='line_1_28' title="bbox 140 3436 650 3520; baseline 0.002 -22"><span class='ocrx_word' id='word_1_203' title='bbox 140 3455 160 3498; x_wconf 77' lang='lat' dir='ltr'><strong>a</strong></span> <span class='ocrx_word' id='word_1_204' title='bbox 181 3438 240 3499; x_wconf 80' lang='lat' dir='ltr'><strong>lilii</strong></span> <span class='ocrx_word' id='word_1_205' title='bbox 251 3436 341 3519; x_wconf 80' lang='lat' dir='ltr'><strong>flos:</strong></span> <span class='ocrx_word' id='word_1_206' title='bbox 359 3438 476 3520; x_wconf 88' lang='lat' dir='ltr'><strong>pariter</strong></span> <span class='ocrx_word' id='word_1_207' title='bbox 496 3457 532 3500; x_wconf 84' lang='lat' dir='ltr'><strong>ex</strong></span> <span class='ocrx_word' id='word_1_208' title='bbox 553 3437 650 3499; x_wconf 90' lang='lat' dir='ltr'><strong>libris.</strong></span> 
     </span>
    </p>

    <p class='ocr_par' dir='ltr' id='par_1_8' title="bbox 140 3536 1152 3947">
     <span class='ocr_line' id='line_1_29' title="bbox 140 3536 1152 3624; baseline -0.008 -18"><span class='ocrx_word' id='word_1_209' title='bbox 140 3544 159 3606; x_wconf 80' lang='lat'><strong>3</strong></span> <span class='ocrx_word' id='word_1_210' title='bbox 179 3544 231 3605; x_wconf 92' lang='lat' dir='ltr'><strong>Sic</strong></span> <span class='ocrx_word' id='word_1_211' title='bbox 251 3542 352 3619; x_wconf 87' lang='lat' dir='ltr'><strong>bene,</strong></span> <span class='ocrx_word' id='word_1_212' title='bbox 371 3555 496 3607; x_wconf 84' lang='lat' dir='ltr'><strong>auctore</strong></span> <span class='ocrx_word' id='word_1_213' title='bbox 516 3544 674 3618; x_wconf 89' lang='lat' dir='ltr'><strong>Manutio,</strong></span> <span class='ocrx_word' id='word_1_214' title='bbox 694 3543 863 3606; x_wconf 81' lang='lat' dir='ltr'><strong>Schiitzius.</strong></span> <span class='ocrx_word' id='word_1_215' title='bbox 877 3543 983 3624; x_wconf 77' lang='lat' dir='ltr'><strong>Vulgo</strong></span> <span class='ocrx_word' id='word_1_216' title='bbox 997 3536 1077 3600; x_wconf 92' lang='lat' dir='ltr'><strong>male</strong></span> <span class='ocrx_word' id='word_1_217' title='bbox 1092 3536 1152 3599; x_wconf 84' lang='lat' dir='ltr'><strong>Po·</strong></span> 
     </span>
     <span class='ocr_line' id='line_1_30' title="bbox 177 3641 1152 3735; baseline -0.011 -23"><span class='ocrx_word' id='word_1_218' title='bbox 177 3663 245 3713; x_wconf 83' lang='lat' dir='ltr'><strong>stea</strong></span> <span class='ocrx_word' id='word_1_219' title='bbox 264 3671 364 3735; x_wconf 82' lang='lat' dir='ltr'><strong>quam.</strong></span> <span class='ocrx_word' id='word_1_220' title='bbox 380 3653 443 3731; x_wconf 89' lang='lat' dir='ltr'><strong>Qui</strong></span> <span class='ocrx_word' id='word_1_221' title='bbox 456 3649 595 3723; x_wconf 63' lang='lat' dir='ltr'><strong>Schilta„</strong></span> <span class='ocrx_word' id='word_1_222' title='bbox 615 3663 739 3713; x_wconf 77' lang='lat' dir='ltr'><strong>aumore</strong></span> <span class='ocrx_word' id='word_1_223' title='bbox 753 3650 936 3722; x_wconf 84' lang='lat' dir='ltr'><strong>Benedicta,</strong></span> <span class='ocrx_word' id='word_1_224' title='bbox 957 3644 1069 3729; x_wconf 86' lang='lat' dir='ltr'><strong>quibus</strong></span> <span class='ocrx_word' id='word_1_225' title='bbox 1090 3641 1152 3703; x_wconf 89' lang='lat' dir='ltr'><strong>suf·</strong></span> 
     </span>
     <span class='ocr_line' id='line_1_31' title="bbox 177 3745 1152 3840; baseline -0.011 -20"><span class='ocrx_word' id='word_1_226' title='bbox 177 3757 469 3840; x_wconf 79' lang='lat' dir='ltr'><strong>fragantur-omnes</strong></span> <span class='ocrx_word' id='word_1_227' title='bbox 490 3757 553 3819; x_wconf 87' lang='lat' dir='ltr'><strong>fere</strong></span> <span class='ocrx_word' id='word_1_228' title='bbox 574 3756 664 3831; x_wconf 88' lang='lat' dir='ltr'><strong>libri,</strong></span> <span class='ocrx_word' id='word_1_229' title='bbox 684 3760 812 3820; x_wconf 84' lang='lat' dir='ltr'><strong>correxit</strong></span> <span class='ocrx_word' id='word_1_230' title='bbox 832 3758 924 3819; x_wconf 84' lang='lat' dir='ltr'><strong>etiam</strong></span> <span class='ocrx_word' id='word_1_231' title='bbox 944 3774 981 3814; x_wconf 83' lang='lat' dir='ltr'><strong>ne</strong></span> <span class='ocrx_word' id='word_1_232' title='bbox 1003 3753 1047 3814; x_wconf 81' lang='lat' dir='ltr'><strong>ita</strong></span> <span class='ocrx_word' id='word_1_233' title='bbox 1064 3745 1152 3811; x_wconf 74' lang='lat' dir='ltr'><strong>cade-</strong></span> 
     </span>
     <span class='ocr_line' id='line_1_32' title="bbox 177 3863 598 3947; baseline -0.002 -20"><span class='ocrx_word' id='word_1_234' title='bbox 177 3877 242 3942; x_wconf 83' lang='lat' dir='ltr'><strong>ret,·</strong></span> <span class='ocrx_word' id='word_1_235' title='bbox 263 3863 379 3947; x_wconf 74' lang='lat' dir='ltr'><strong>vulgati</strong></span> <span class='ocrx_word' id='word_1_236' title='bbox 402 3885 439 3926; x_wconf 87' lang='lat' dir='ltr'><strong>ne</strong></span> <span class='ocrx_word' id='word_1_237' title='bbox 459 3863 492 3926; x_wconf 85' lang='lat' dir='ltr'><strong>id</strong></span> <span class='ocrx_word' id='word_1_238' title='bbox 511 3865 553 3926; x_wconf 78' lang='lat' dir='ltr'><strong>itu</strong></span> <span class='ocrx_word' id='word_1_239' title='bbox 572 3885 598 3926; x_wconf 87' lang='lat' dir='ltr'><strong>c.</strong></span> 
     </span>
    </p>
   </div>
   <div class='ocr_carea' id='block_1_4' title="bbox 0 0 1318 4854">
    <p class='ocr_par' dir='ltr' id='par_1_9' title="bbox 0 0 1318 4854">
     <span class='ocr_line' id='line_1_33' title="bbox 0 0 1318 4854; baseline 0 0"><span class='ocrx_word' id='word_1_240' title='bbox 0 0 1318 4854; x_wconf 95' lang='lat' dir='ltr'><strong> </strong></span> 
     </span>
    </p>
   </div>
  </div>
 </body>
</html>
