2626 4854
164 384 231 493 196
455 400 627 450 nersront
652 401 864 457 cccxxxviii.
942 397 975 445 11.
993 361 1028 449 νζ
1046 398 1074 447 c.
1093 397 1138 458 70³

315 634 368 685 Sor.
388 629 503 681 Lerreade
521 630 551 689 Α.
570 629 604 681 V.
623 628 651 681 C.
672 626 796 693 ocem,
814 627 865 678 Vll
885 626 924 679 Id.
944 626 1011 684 Nor,

156 903 198 975 n.
224 901 259 964 1.
285 897 429 970 oceno
461 898 512 960 rr
540 850 772 983 Ι’1111111
805 894 842 982 Q.
866 895 940 964 111.
967 895 1108 963 ernon
1132 896 1160 970 s,

205 1258 312 1332 Varie
336 1283 415 1330 sum
439 1255 585 1331 affectus
602 1257 671 1330 tuis
687 1254 812 1328 literis:
839 1253 945 1327 valde
960 1256 1084 1355 priore
1099 1280 1155 1355 pa·

157 1387 235 1484 gina
253 1384 475 1485 perturbatus
488 1401 519 1483 2,
534 1381 691 1483 paullum
712 1382 820 1456 altera
836 1394 1026 1455 recreatus.
1045 1366 1154 1475 Qdare

155 1538 250 1589 nunc
276 1512 417 1614 quidem
442 1536 516 1587 non
542 1510 684 1609 dubito,
718 1511 824 1612 quin,
862 1509 1024 1612 quoad³
1060 1508 1153 1609 plano

153 1637 292 1737 valeas,
318 1653 353 1711 to
377 1664 492 1739 neque
516 1638 747 1736 navigationi,
773 1662 888 1738 neque
904 1638 985 1712 riae
1003 1635 1154 1711 commit·

42 1777 47 1784 “
155 1780 216 1838 tas.
244 1766 334 1838 Satis
361 1779 395 1838 te
420 1779 564 1837 mature·
581 1764 703 1838 videro
722 1762 757 1863 1,
782 1763 942 1862 sipiano
969 1763 1148 1835 confirma·

154 1906 230 1963 tum
243 1890 373 1971 videre,
385 1892 436 1963 De
449 1890 587 1964 medico
606 1903 641 1962 et
654 1904 693 1961 tu
704 1889 797 1963 bene
816 1889 1009 1965 existimari
1019 1864 1153 1986 'scribis

155 2033 191 2095 et
216 2046 280 2115 ogo
307 2020 357 2089 sic
383 2016 498 2093 audio.
525 2015 595 2089 Sed
620 2014 724 2116 plane
746 2016 942 2088 curationes
962 2016 977 2065 ⁵
996 2018 1071 2088 eius
1088 2038 1150 2088 non

154 2142 278 2241 probo.
311 2146 369 2217 Ius
403 2145 496 2217 enim
530 2143 687 2217 dandum
723 2143 787 2216 tihi
822 2167 897 2216 non
928 2143 1018 2242 fnit²
1052 2166 1151 2249 quum

152 2277 378 2362 κακεστόμαχσς
404 2296 512 2344 esses:
537 2270 602 2343 sed
625 2284 744 2343 tamen
772 2284 808 2345 et
839 2268 885 2344 ad
908 2268 1010 2343 illum
1035 2267 1151 2368 scripsi

153 2410 332 2495 accurate,
357 2411 394 2470 et
419 2397 466 2469 ad
482 2400 669 2497 Lysonem.
683 2397 741 2470 Ad
767 2399 911 2471 Curium
928 2399 945 2449 ⁶
963 2422 1068 2495 vero,
1079 2383 1151 2468 'sua

144 2521 345 2604 vissimum—
358 2523 555 2622 hominem,
581 2537 617 2597 ct
642 2525 769 2600 summi
783 2523 905 2623 officii,
931 2543 1151 2622 summaeque

151 2645 399 2754 humanitatis,
424 2650 535 2723 multa
562 2651 702 2750 scripsi3
738 2651 777 2721 in
802 2648 856 2723 his
883 2649 989 2725 etiam
1003 2706 1014 2747 7
1046 2661 1101 2746 ut,
1124 2646 1149 2718 si

151 2772 217 2844 tihi
242 2775 437 2875 videretur,
462 2782 497 2848 te
516 2776 562 2852 ad
578 2804 615 2850 se
637 2776 847 2849 transferret.
865 2779 964 2875 Lyso
982 2776 1076 2847 enim
1091 2798 1148 2846 no-

126 3000 140 3009 ἡ,
151 2913 245 2998 ster,
270 2928 412 3002 vereor,
440 2931 484 2983 nc
510 2904 741 3003 negligentior
767 2905 832 2982 sit:
870 2904 1044 3004 primunr,
1076 2900 1149 3001 quia

151 3048 272 3110 omnes
299 3029 440 3127 Graeci5
467 3030 611 3129 deinde,
637 3028 734 3131 quod
753 3049 785 3128 t,
811 3055 921 3130 quum
947 3056 966 3101 a
993 3055 1050 3101 me
1077 3027 1151 3103 lite«

150 3177 207 3228 ras
233 3155 440 3255 accepisset,
473 3156 558 3234 mihi
591 3155 704 3228 nullas
737 3156 877 3234 remisit.
916 3155 986 3226 Sed
1012 3179 1090 3232 eum
1114 3165 1153 3227 tu

148 3275 280 3355 laudas.
306 3282 361 3359 Tu
387 3284 493 3380 igitur
504 3269 522 3382 ,-
540 3282 627 3384 quid
651 3281 852 3394 faciendam
876 3282 940 3380 sit,
976 3278 1156 3355 iudicabis.

149 3403 258 3503 Illud,
284 3411 334 3483 mi
359 3410 466 3508 Tiro,
492 3424 528 3481 te
553 3434 661 3507 rogo,
687 3410 838 3485 sumtu⁸
863 3434 908 3479 nc
934 3434 1060 3507 parcas
1085 3404 1162 3477 ulla

148 3534 186 3607 in
212 3561 267 3632 re,
303 3535 440 3636 quoda
473 3536 520 3607 ad
545 3534 774 3609 valitudinem
807 3560 898 3635 opus
933 3535 986 3606 sit.
1026 3527 1162 3630 Scripsi

149 3661 195 3739 ad
221 3664 387 3763 Curium,
414 3662 510 3763 quod
536 3661 698 3759 dixisses,
725 3662 832 3739 daret.
859 3660 1003 3738 Medico
1028 3660 1095 3759 ipsi
1119 3670 1162 3705 ¹⁰

148 3801 236 3891 puto
263 3788 394 3890 aliquid
420 3788 577 3861 dandum
603 3815 699 3887 esse,
725 3813 796 3889 quo
815 3789 860 3859 sit
879 3787 1076 3862 studiosior.
1095 3783 1162 3856 In·

149 3915 376 3993 numerabilia
404 3930 464 3993 tuo
490 3929 572 3994 sunt
603 3917 641 3992 in
672 3941 729 3991 me
764 3914 904 4015 officia,
942 3910 1162 3996 domestica
