2626 4854
167 338 234 412 150
482 356 654 406 srrsrona
679 357 839 405 cccxxvi.
946 355 1029 407 nv.
1047 358 1079 406 c.
1099 357 1147 419 703

161 460 320 538 credibili
345 460 509 534 felicitate
537 458 790 558 discesserunt,
824 455 963 531 sublata
994 457 1173 535 dubitatio

159 602 222 663 est.
246 586 424 662 Videbam
448 611 647 660 sermones:
680 584 759 658 hui!
784 584 929 658 fratrem
955 584 1104 688 reliquit
1122 587 1173 660 ¹⁵l

157 742 246 789 num
276 728 332 788 est
354 713 446 813 boc,
471 737 544 786 non
569 710 650 814 plus
676 736 809 786 annum
833 710 996 786 obtinere
1023 714 1172 813 provin·

161 840 273 916 ciaml
299 839 400 942 quid,
428 839 525 942 quod
542 852 683 913 senatus
701 863 763 913 eos
779 837 895 914 voluit
909 865 1077 939 praeesse
1094 866 1170 941 pro-

159 967 302 1064 vinciis,
327 967 387 1068 qui
404 991 478 1039 non
494 965 754 1066 praebuissent?
779 979 817 1038 at
839 964 899 1039 bic
925 967 1118 1041 triennium
1131 970 1169 1041 ¹⁶.

158 1096 255 1193 Ergo
279 1093 367 1166 haec
400 1093 448 1166 ad
478 1091 653 1194 populum
674 1109 715 1165 ¹7.
750 1091 872 1192 Quid,
910 1119 1001 1195 quae
1027 1091 1168 1167 tccuml

158 1219 497 1321 Numquamessem
522 1219 598 1293 sine
623 1247 726 1319 cura,
762 1220 793 1294 si
829 1220 917 1322 quid
949 1219 1169 1321 iracundius,

159 1359 222 1420 aut
246 1346 550 1445 contumeliosius,
575 1360 637 1419 aut
661 1347 895 1446 negligentius
914 1347 961 1446 ¹⁸3
987 1374 1081 1450 qnae
1106 1348 1168 1422 fert

157 1474 232 1548 vita
256 1472 450 1547 hominum.
477 1473 598 1574 Quid,
622 1474 653 1548 si
678 1473 765 1576 quid
782 1473 874 1547 filius
891 1500 999 1577 puer,
1025 1489 1064 1549 ct
1083 1501 1168 1577 puer

156 1597 248 1673 bene
273 1598 341 1672 sibi
364 1599 477 1673 fidens
497 1599 554 1672 ¹9l
580 1600 759 1702 quiesset
784 1599 908 1675 dolorl
934 1626 1041 1703 quem
1070 1615 1167 1703 patcr

158 1712 233 1799 non
259 1725 460 1799 dimittebat
477 1742 527 1825 ²⁰3
552 1740 657 1828 teque
682 1725 722 1800 id
748 1753 912 1826 censere,
944 1726 1096 1801 moleste
1120 1728 1165 1801 fe-

158 1851 268 1926 rebat.
292 1854 342 1928 At
366 1878 461 1927 nunc
487 1852 642 1952 Caelius,
666 1879 742 1927 non
768 1853 850 1929 dico
874 1853 1059 1956 equidem,
1086 1855 1166 1957 quid

158 1979 291 2078 egerit,
321 1980 387 2053 sed
417 1993 537 2054 tamen
564 1979 820 2055 multominus
846 1980 970 2055 laboro
996 1997 1039 2057 ²¹.
1065 1983 1166 2057 Adde

156 2103 258 2176 illud:
284 2106 494 2205 Pompeius,
519 2131 562 2179 eo
588 2105 715 2180 robore
742 2107 813 2206 vir,
836 2108 878 2180 iis
903 2108 1102 2208 radicibus,
1124 2111 1165 2202 Q.

156 2229 315 2303 Cassium
340 2231 415 2303 sine
441 2244 535 2304 sorte
562 2231 692 2330 delegit
715 2249 766 2332 ²²,
798 2235 927 2309 Caesar
952 2235 1166 2337 Antonium,

156 2379 223 2452 ego
247 2368 341 2428 sorte
368 2355 490 2431 datum
516 2350 753 2433 offendereml
778 2374 818 2434 ut
843 2362 950 2435 etiam
974 2363 1166 2465 inquireret

152 2481 192 2552 in
209 2507 291 2554 eum
305 2485 355 2584 ²³,
372 2509 477 2585 quem
494 2484 733 2587 reliquissem?
748 2488 832 2561 Hoc
848 2486 991 2589 melius,
1010 2504 1049 2564 et
1064 2491 1165 2565 huius

153 2609 205 2682 rei
229 2609 332 2710 plura
357 2611 533 2714 exempla:
560 2616 734 2687 senectuti
759 2615 903 2717 quidem
919 2632 1067 2692 nostrae
1083 2644 1165 2721 pro·

153 2735 247 2810 fecto
273 2740 399 2840 aptius.
432 2741 482 2813 At
506 2754 541 2813 te
566 2741 663 2842 apud
689 2769 787 2841 eum,
820 2742 869 2816 dii
892 2743 993 2820 boni!
1033 2761 1164 2849 quanta

151 2863 190 2934 in
216 2866 326 2960 gratia
351 2868 472 2965 posui!
503 2868 604 2969 cique
636 2866 705 2968 legi
728 2869 845 2943 literas
870 2897 945 2945 non
971 2886 1071 2972 tuas,
1102 2872 1164 2947 sed

151 2985 284 3061 librarii
309 2993 362 3061 tui
379 2991 421 3064 ²4.

202 3111 225 3185 5
251 3115 457 3190 Amicorum
481 3117 601 3192 literae
627 3148 684 3194 me
709 3123 757 3209 ad
777 3123 996 3223 triumphum
1013 3142 1163 3227 vocant,

150 3263 227 3311 rem
251 3265 272 3312 a
296 3241 419 3342 nobis,
444 3257 485 3316 ut
509 3270 575 3343 ego
601 3247 778 3348 arbitror,
809 3264 958 3349 propter
982 3252 1080 3326 hanc
1105 3282 1162 3324 πα-

149 3367 330 3459 λιγγενεσίαν
354 3383 513 3469 nostram
532 3373 586 3470 ²5,
610 3398 685 3447 non
710 3375 964 3474 negligendam.
984 3380 1107 3472 Quare
1124 3395 1161 3453 tu

150 3516 307 3595 quoque,
330 3497 378 3567 mi
393 3496 527 3596 Attice,
552 3498 670 3604 incipe
687 3501 726 3578 id
744 3530 895 3606 cupere,
921 3531 994 3607 quo
1011 3533 1081 3582 nos
1098 3509 1160 3582 mi-

147 3643 214 3692 nus
239 3620 351 3724 inepti
379 3623 568 3700 videamur.
