2678 4860
162 347 210 420 88
490 324 662 412 uirsrom
688 361 827 410 ccnxur.
942 358 1019 409 nc.
1037 361 1072 412 v.
1090 361 1140 424 ,σε

213 495 234 542 2
260 467 442 564 Diogenes
460 477 540 537 tuus
558 468 573 514 ⁵
583 519 595 564 ‚
618 463 727 538 homo
745 462 945 562 modestus,
970 489 1165 538 amenum

160 591 309 668 Philone
321 591 528 666 Pessinunta
542 588 708 661 discessit.
723 590 797 661 Iter
808 587 987 661 habebant
1002 588 1167 663 avadia·

161 719 294 816 torige‚
326 741 430 816 quem
456 739 521 786 uec
556 713 766 813 benignum,
802 739 867 786 nec
894 715 1078 814 copiosum
1104 741 1167 787 co-

162 855 311 942 gnorant
327 844 351 912 ⁶.
377 838 530 939 Urbem,
554 838 694 939 urbem,
719 840 768 912 mi
792 838 897 938 Rufe,
934 838 1029 938 cole,
1064 852 1100 913 et
1127 841 1165 912 in

161 969 228 1042 ista
253 967 330 1039 luce
356 967 444 1052 vive,
471 966 595 1037 Omnis
620 965 873 1064 peregrinatio,
906 963 1002 1064 quod
1027 991 1093 1063 ego
1120 964 1163 1038 ab

163 1091 400 1165 adolescentia
425 1090 598 1189 iudicavi,
624 1088 773 1162 obscura
799 1103 834 1161 et
851 1089 991 1162 sordida
1009 1104 1087 1162 estr
1106 1091 1165 1189 iis,

164 1244 312 1320 quorum
329 1215 501 1288 industria
519 1217 651 1288 Romae
670 1229 789 1315 potest
800 1214 941 1288 illustris
960 1241 1042 1288 esse.
1056 1214 1165 1307 Quod

164 1369 273 1444 quum
297 1340 407 1441 probe
434 1343 577 1440 scirem,
601 1343 736 1413 utinam
761 1343 798 1412 in
816 1341 987 1413 sententia
1005 1365 1166 1440 perman-

163 1468 293 1541 sissem.
313 1469 402 1540 Cum
420 1492 491 1539 una
507 1466 705 1540 mehercule
724 1465 1034 1566 ambulatiuncula,
1059 1479 1165 1567 atque

163 1617 234 1665 uno
268 1616 428 1665 sermone
462 1606 602 1691 nostro,
621 1635 623 1640 ·
639 1618 761 1665 omnes
798 1592 930 1664 fructus
962 1591 1165 1691 provinciae

162 1743 235 1789 non
262 1716 413 1789 confero.
439 1717 549 1816 Spero
581 1742 638 1790 me
670 1717 877 1815 integritatis
906 1717 1046 1789 laudem
1079 1741 1165 1789 con-

163 1856 329 1915 secutum.
356 1843 439 1916 Non
465 1857 539 1916 erat
563 1845 681 1916 minor
697 1870 740 1917 ex
758 1842 1033 1942 contemnenda,
1058 1869 1166 1943 quam

163 1968 249 2040 cst8
275 1994 317 2040 ex
344 1983 552 2042 conservata
579 1971 772 2069 provincia.
791 1969 878 2069 Spes
906 1968 1090 2068 triumphi,
1114 1969 1166 2040 in·
1199 2033 1204 2045 ,

164 2094 243 2193 quis
272 2111 297 2164 9.
325 2094 416 2167 Satis
454 2095 603 2192 gloriose
638 2096 891 2197 triumpharem
903 2123 913 2195 5
949 2120 1015 2167 uec
1053 2120 1166 2167 essem

162 2217 298 2289 tamdiu
324 2217 467 2326 quidem
486 2236 514 2272 1⁰
540 2221 578 2292 in
605 2219 777 2293 desiderio
802 2246 919 2294 rerum
947 2219 1034 2292 mihi
1060 2221 1166 2293 caris·

163 2343 337 2415 simarum.
351 2343 437 2444 sed,
463 2359 503 2418 ut
520 2372 645 2446 spero,
672 2346 881 2446 propediem
898 2359 934 2419 te
950 2344 1090 2421 videbo.
1109 2347 1168 2420 Tu

163 2468 251 2542 mibi
275 2468 417 2544 obviam
440 2472 543 2548 mitte
568 2472 736 2573 epistolas
762 2487 797 2546 te
824 2472 968 2574 dignas..
982 2471 1080 2545 Vale.

570 2723 762 2800 CCLXIV.
906 2762 961 2822 (aa
978 2763 1028 2809 aa.
1040 2762 1090 2822 vr,
1105 2763 1120 2810 3
1128 2765 1139 2819 )

164 2893 384 2984 Argumentum.
410 2919 421 2957 1
438 2898 579 2958 Nondum
600 2900 682 2981 opud
703 2919 733 2959 se
754 2901 949 2958 constitutum
964 2918 1027 2957 esse
1047 2896 1168 2970 scribit,

205 3003 254 3058 cui
275 3004 463 3082 provinciam
483 3003 591 3066 tradat.
614 3026 631 3064 2
652 3007 699 3066 De
720 3004 810 3065 rebus
831 3003 954 3065 urbanis
974 3005 1085 3064 certior
1099 3002 1168 3063 fieri
1200 3005 1206 3028 ¹

203 3108 296 3186 cupit.
318 3108 336 3166 3
358 3108 440 3185 Quid
453 3111 485 3168 in
497 3109 582 3169 Bruti
603 3113 730 3192 negotiis
752 3112 859 3190 egerit,
882 3111 1021 3190 exponit;
1040 3109 1169 3188 tquam

204 3210 292 3270 valde
313 3214 352 3290 Q.
374 3213 479 3274 Cicero
499 3215 579 3276 filius
601 3216 641 3276 ob
662 3220 755 3298 patris
785 3216 942 3276 consilium
962 3215 1169 3296 Pomponiam

205 3313 374 3377 dimittendi
388 3320 583 3405 conturbatus
597 3323 649 3396 sit,
663 3323 761 3382 refert.
776 3320 797 3382 5
810 3321 925 3404 Rogat,
938 3331 973 3381 ut
986 3319 1042 3381 sibi
1058 3320 1096 3398 Q.
1113 3319 1170 3380 Ce-

205 3417 273 3480 leris
294 3419 458 3487 orationem
481 3431 512 3487 in
535 3427 696 3491 Servilium
717 3430 824 3488 mittat.
