2626 4854
528 358 565 408 m
591 357 781 408 nntsronts
1083 344 1157 443 289

158 479 188 519 11
212 457 331 518 Posteri
352 459 500 540 temporis
520 461 591 519 otio.
614 459 776 521 Posteritns
796 461 876 520 enim
896 481 959 520 non
980 461 1078 523 solum
1099 486 1156 546 po-

193 577 308 638 steros,
328 585 435 626 verum
457 567 547 626 etiam
568 576 723 648 posterum
743 578 862 649 tempus
883 567 1028 644 ostendit3
1049 580 1085 631 ut
1099 570 1157 631 Ca-

191 672 236 733 til.
257 673 286 744 1,
306 694 343 754 93
372 672 409 734 Si
424 672 519 734 minus
544 674 575 733 in
591 693 733 755 praesens
759 685 932 754 tempus-
952 687 985 736 at
1011 676 1041 736 in
1057 689 1158 759 poste-

164 767 169 774 ’
192 779 316 840 ritatem.
338 778 504 841 Manutius.
525 779 585 841 Zel.
608 780 633 840 A
654 780 756 841 omisit
775 778 828 840 sed
847 781 933 843 initio
953 781 1078 864 periodi.

592 991 724 1056 CCLIX.

156 1229 166 1268 1
192 1206 324 1295 Videtur
350 1205 430 1267 idem
458 1226 521 1267 esse
551 1208 583 1267 in
614 1227 683 1290 epp.
712 1206 931 1268 CDLXXXlX
951 1219 982 1271 at
1003 1208 1159 1284 CDXCV‚

192 1315 332 1395 quamvis
352 1311 403 1373 hie
423 1312 582 1386 Evander,
602 1312 645 1375 ihi
667 1313 869 1376 Hammonius
890 1315 1016 1378 dicatur.
1034 1316 1157 1380 Corrad.

191 1420 279 1481 Libri
299 1421 373 1481 olim
397 1418 557 1480 Gariano..

151 1549 169 1586 2
190 1527 283 1588 Parte
302 1525 425 1587 aedium
444 1524 634 1587 urbanarum
655 1525 764 1588 exsulis
786 1526 819 1587 C.
841 1527 987 1589 Memmii.
1012 1529 1088 1589 Nam
1110 1550 1160 1590 sa-

191 1636 291 1694 craria
310 1654 372 1695 non
393 1632 486 1694 modo
507 1635 540 1694 in
560 1635 651 1694 saeris
672 1632 816 1707 aedibus,
841 1655 948 1695 verum
969 1637 1001 1696 in
1021 1635 1157 1719 profanis

190 1742 286 1801 etiam
306 1761 370 1802 esse
389 1750 532 1823 poterant
552 1739 620 1801 loca
641 1740 791 1823 quaedam
821 1752 1009 1814 consecrata,
1035 1742 1089 1803 vel·
1103 1740 1158 1804 ubi

191 1867 296 1908 sacrae
317 1868 364 1908 res
385 1845 623 1919 custodirentur,
644 1847 692 1907 vel
712 1846 766 1907 ubi
787 1868 871 1908 sacra
885 1848 1030 1929 gentilitia
1042 1847 1159 1910 fierent.

148 2028 150 2035 y
190 1954 281 2016 Verr.
304 1954 365 2027 lV,
387 1973 424 2027 2,
443 1953 566 2014 Sreton.
585 1955 620 2024 in
639 1954 717 2034 Aug.
738 1951 776 2026 5,
806 1965 836 2014 et
856 1955 887 2013 in
908 1954 977 2015 Tib.
998 1953 1047 2015 51.
1078 1953 1159 2015 Eam

189 2063 286 2142 igitur
305 2080 428 2120 suarum
450 2059 571 2120 aedium
591 2070 710 2142 partem
731 2059 884 2122 locaverat
898 2071 984 2133 ante,
1005 2081 1097 2143 quam
1118 2058 1158 2121 ab

190 2166 270 2228 urbe
290 2166 459 2228 discederet
479 2166 662 2238 Memmius,
688 2166 832 2227 Evandro
860 2169 1013 2228 statuario.
1039 2167 1159 2229 Manat.

189 2276 227 2335 In
250 2275 360 2335 vicinia
378 2275 515 2345 sacrarii,
530 2275 592 2336 sive
605 2295 641 2334 ea
655 2283 742 2356 parte
764 2273 889 2347 domus,
912 2275 945 2336 in
968 2294 1030 2356 qua
1055 2294 1158 2335 saera-

189 2384 282 2442 rium.
302 2381 419 2441 Ernest.
540 2377 543 2383 ’

150 2493 169 2551 3
189 2488 329 2551 Corrado
351 2485 490 2571 placebat
509 2486 683 2568 demigrare.
711 2487 842 2548 Defendi
868 2498 970 2548 tamen
990 2497 1090 2569 potest
1110 2506 1158 2547 re-

190 2597 334 2676 migrare,
352 2596 544 2655 etiamsinon
558 2596 590 2654 iu
604 2604 736 2655 veterem
750 2593 876 2653 domum
897 2592 1049 2653 rediturus
1067 2592 1161 2652 fuerit

189 2700 342 2762 Evander.
365 2700 508 2761 Schoenb.
529 2700 657 2781 Recepit
674 2699 782 2760 Lamb.
802 2698 974 2778 demigrare.

150 2810 171 2886 4
189 2808 348 2870 Kalendae
361 2779 511 2885 Quintiles
532 2809 563 2866 in
582 2804 659 2866 urbe
672 2807 789 2887 primus
803 2816 868 2866 erat
882 2806 1067 2895 locationum
1082 2804 1156 2866 dies.

189 2914 239 2975 Ad
259 2915 298 2993 Q.
319 2913 459 2984 fratrem,
479 2933 526 2994 ep.
546 2911 666 2985 XCIX,
685 2910 720 2973 8:
752 2911 826 2972 Post
852 2910 923 2973 Kal.
947 2911 1095 2994 Quintiles
1123 2912 1155 2973 in

191 3034 274 3082 tuom
295 3020 455 3099 (domum)
476 3019 689 3099 commigrabir.
709 3018 831 3081 Manat.

149 3128 169 3189 5
190 3128 249 3189 Ed.
270 3127 327 3189 Ro.
347 3147 457 3207 angam
476 3126 504 3186 si
521 3146 627 3206 rogem.

599 3339 716 3398 CCLX.

152 3577 162 3614 1
188 3555 341 3613 Graevius
361 3563 392 3613 et
413 3552 480 3613 edd.
501 3570 546 3634 pr.
567 3553 702 3614 Fusium.

149 3683 167 3719 2
190 3659 270 3719 Edd.
291 3680 336 3741 pr.
359 3671 419 3720 tam
439 3660 510 3719 asilii
527 3671 652 3738 gratum.

148 3768 167 3826 3
190 3768 299 3848 ipsum
320 3767 362 3825 ita
383 3764 437 3826 tibi
459 3765 650 3836 devinxeris,
678 3774 712 3824 ut
742 3783 897 3826 summum
915 3765 979 3823 eius
1000 3760 1157 3833 officium,

189 3883 223 3934 et
243 3892 363 3932 summa
382 3875 446 3933 eius
466 3865 658 3932 observantia
677 3873 709 3934 in
729 3882 912 3956 perpetuum
926 3867 982 3930 tibi
994 3870 1054 3931 sint
1067 3888 1157 3950 prae·

192 4014 303 4077 Crcnn.
326 4013 385 4077 VI.
407 4049 446 4064 -
467 4013 543 4074 Lett.
568 4012 602 4077 T.
625 4013 666 4076 V.
974 4030 977 4037 ¹
1002 4032 1038 4093 ¹9
