2626 4854
34 420 38 425 ,
132 424 134 429 ⁴
159 344 208 443 94
489 365 659 414 rrrsroar
684 367 818 414 ccaxrv.
941 363 972 413 Α.
986 367 1021 414 v.
1039 367 1069 414 c.
1087 367 1135 430 μοι

160 471 282 566 dente,
306 467 420 540 valeat
442 469 553 541 modo
574 485 617 539 ¹7:
644 467 707 540 sed
723 466 922 539 mehercule
939 469 1105 543 Curionis
1124 483 1158 542 et

158 595 286 691 Paulli,
298 619 457 666 meorum
475 594 710 693 familiarium,
727 596 841 665 vicem
859 592 973 666 doleo.
990 595 1159 668 Formam

157 723 264 820 igitur
290 720 374 793 milri
401 721 508 792 totius
533 722 582 792 rei
608 719 785 819 publicae,
811 721 841 791 si
866 721 936 791 iam
953 745 991 792 es
1008 721 1157 819 Romae,

159 864 220 922 aut
243 874 351 949 quum
376 847 463 943 eris,
488 845 593 917 velim
618 847 755 944 mittas,
787 845 987 946 quaemihi
1013 845 1157 918 obviam

125 1050 129 1057 ,
158 975 294 1072 veniat,
318 1000 361 1045 ex
386 1000 454 1073 qua
480 999 536 1045 me
561 974 691 1070 fingere
712 973 741 1022 ¹⁸
768 973 922 1071 possim,
947 986 984 1044 et
1000 998 1159 1071 praeme-

160 1100 284 1197 ditari,
308 1125 379 1202 quo
405 1100 522 1171 animo
548 1097 714 1171 accedam
741 1097 788 1170 ad
811 1097 944 1171 urbem.
968 1100 1036 1172 Est
1066 1099 1158 1170 enim

159 1225 340 1326 quiddam,
365 1224 611 1296 advenientem
626 1250 701 1297 non
718 1250 793 1297 esse
810 1224 1034 1323 peregrinum
1053 1238 1159 1324 atque

154 1353 341 1453 hospitem.

193 1480 230 1569 ,3
255 1481 322 1576 Et,
346 1478 443 1581 quod
468 1503 581 1577 paene
597 1479 778 1577 praeterii,
800 1478 903 1550 Bruti
918 1478 972 1549 tui
990 1493 1022 1542 ¹9
1039 1502 1159 1576 causa,

157 1619 197 1677 ut
221 1631 326 1704 saepe
352 1603 398 1676 ad
422 1618 457 1675 te
482 1605 626 1702 scripsi,
650 1601 716 1676 feci
742 1604 869 1675 omnia.
887 1603 1011 1702 Cyprii
1036 1628 1158 1675 nume-

157 1712 291 1805 rabant.
318 1731 390 1803 Sed
415 1730 576 1830 Scaptius
603 1730 823 1826 centesimis,
846 1743 1019 1803 renovalo
1039 1730 1078 1800 in
1094 1730 1158 1800 sin·

158 1858 256 1956 gulos
283 1883 394 1930 annos
419 1857 557 1953 fenore,
582 1869 769 1929 contentus
794 1854 967 1927 nonfuit.
993 1854 1157 1928 Ariobar-

157 2010 260 2058 zanes
285 2010 359 2056 non
384 1984 424 2075 iu
446 1984 656 2080 Pompeium
681 1981 849 2081 prolixior
881 1982 1088 2080 peripsum
1114 1997 1157 2079 ²⁰,

156 2137 264 2210 quam
289 2136 354 2209 per
379 2134 436 2181 me
461 2111 498 2180 in
524 2111 694 2206 Brutum,
717 2134 823 2209 quem
838 2121 957 2180 tamen
974 2133 1041 2205 ego
1058 2133 1156 2207 prae·

158 2247 250 2307 stare
274 2250 305 2282 ²¹
332 2259 405 2305 non
430 2247 599 2332 poteram.
624 2237 712 2305 Erat
737 2234 830 2305 enim
855 2259 915 2304 rex
939 2258 1155 2332 perpauper,

156 2358 367 2459 aberamque
393 2358 437 2430 ab
464 2384 506 2431 eo
530 2360 579 2429 ita
597 2358 719 2457 longe,
744 2373 785 2431 ut
800 2358 889 2431 nihil
904 2384 1067 2458 possem,
1091 2361 1157 2432 nisi

155 2483 287 2582 literis,
312 2484 438 2585 quibus
464 2511 620 2584 pugnare
645 2510 718 2557 non
745 2485 871 2558 destiti.
890 2484 1043 2556 'Summa
1070 2485 1157 2558 haec

122 2708 124 2712 y
155 2623 216 2683 est.
242 2613 312 2684 Pro
338 2613 474 2685 ratione
500 2613 670 2711 pecuniae
695 2610 870 2684 liberalius
896 2589 927 2658 ²3
953 2624 1007 2682 est
1028 2613 1160 2683 Brutus

154 2751 336 2835 tractatus,
369 2766 473 2839 quam
491 2740 691 2837 Pompeius.
707 2740 822 2811 Bruto
841 2751 959 2810 curata
976 2736 1046 2810 lroc
1065 2763 1158 2810 anno

153 2864 283 2962 talenta
309 2865 446 2937 circiter
471 2894 498 2937 c.
522 2867 692 2964 Pompeio
722 2866 761 2936 in
786 2891 848 2936 sex
874 2863 1053 2936 mensibus
1079 2890 1159 2963 pru·

153 2990 257 3061 missa
283 3015 332 3059 cc.
357 2974 439 3061 Iam⁸
456 2991 494 3062 in
519 2992 628 3091 Appii
659 2991 803 3088 negotio
832 2991 875 3038 ’θ’
897 3002 1071 3090 quantum
1097 2990 1158 3061 tri-

152 3114 289 3185 buerim
313 3117 440 3213 Brut0,
467 3115 535 3188 dici
561 3119 620 3190 vix
650 3130 777 3221 potest.
817 3115 915 3207 Quid
947 3128 1001 3186 est
1032 3116 1160 3214 igitur,

106 3326 110 3332 p
153 3239 250 3339 quod
275 3240 459 3314 laboreml
484 3244 626 3316 Amicos
651 3242 759 3315 habet
783 3268 896 3314 meras
925 3268 1054 3340 nugas,
1081 3244 1159 3319 Ma-

95 3434 98 3439 .
152 3368 294 3464 tinium,
327 3367 529 3468 Scaptium,
567 3372 647 3470 qui,
686 3370 767 3470 quia
798 3394 870 3441 non
905 3366 1031 3439 habuit
1057 3395 1078 3440 a
1102 3395 1159 3440 me

150 3506 283 3565 turmas
308 3496 465 3594 equitum
491 3495 545 3593 24,
581 3497 708 3596 quibus
733 3498 894 3595 Cyprum
917 3508 1085 3592 vexaret,
1119 3507 1160 3565 ut

150 3634 232 3690 ante
249 3647 305 3692 me
322 3620 468 3721 fecerat,
494 3623 639 3695 fortasse
657 3635 858 3720 succenset3
881 3634 942 3717 aut
959 3623 1040 3722 quia
1059 3647 1158 3721 prae·

149 3744 261 3819 sectus
286 3773 359 3820 non
385 3763 438 3822 est
444 3807 455 3847 ‚
491 3750 588 3850 quod
620 3776 685 3849 ego
710 3750 841 3823 nemini
866 3748 971 3821 tribui
997 3749 1159 3847 negotia-

124 3874 241 3969 stou]
266 3899 339 3946 non
364 3875 403 3946 C.
429 3878 641 3976 Vennoni0,
664 3904 744 3951 meo
770 3874 926 3951 familiari
939 3903 950 3974 3
986 3900 1064 3948 non
1096 3889 1158 3950 tuo
