2626 4854
164 361 235 435 230
495 378 665 429 errsrorn
693 381 827 433 ccxciv.
942 378 975 428 Δ.
991 382 1028 428 v.
1045 381 1075 429 c.
1095 380 1142 444 ,σε

206 483 354 587 9Quid
379 481 560 583 superest?
591 484 719 556 Etiam.
756 483 876 556 Gener
898 483 931 548 ⁵2
964 497 1021 555 est
1052 485 1165 559 suavis

155 613 260 711 mihi,
284 610 438 710 Tulliae,
454 611 658 683 Terentiae:
683 609 923 711 quennumvis
945 608 1003 682 vel
1021 610 1166 715 ingenii²

156 740 214 813 vel
239 738 477 811 humanitatis.
503 738 596 810 Satis
614 738 655 809 ⁵⁸.
681 736 846 838 Reliqua,
872 762 962 838 quae
981 738 1100 836 nosti,
1125 737 1166 810 fe

69 918 77 943 0
155 865 275 941 renda.
293 866 368 938 Scis
386 865 498 963 enim,
515 890 605 966 quus
623 864 863 965 aperuerimus
880 866 930 936 ⁵9:
947 865 1009 965 qui
1026 890 1165 965 omnes,

156 1005 295 1093 praeter
327 1018 426 1090 eum,
463 991 507 1064 de
540 1016 610 1092 quo
642 1017 708 1091 per
744 1004 779 1063 te
814 991 969 1090 egimus,
1003 1016 1083 1063 rem
1112 1018 1164 1064 me

156 1118 270 1193 secere
311 1131 434 1192 rentur
464 1120 507 1190 ⁶⁰.
545 1117 637 1217 Ipsis
679 1117 775 1191 enim
822 1142 1019 1217 expensum
1062 1143 1163 1191 nemo

156 1244 263 1318 ferret
286 1247 329 1318 θ’.
363 1242 434 1318 Sed
465 1243 553 1317 haec
587 1270 715 1317 euram.
746 1242 839 1317 Nem
865 1243 969 1316 multi
997 1245 1165 1318 sermonis

158 1384 250 1443 sunt.

213 1522 255 1571 ιο
281 1497 423 1572 Tironis
447 1497 626 1572 reficiendi
651 1501 685 1549 ⁶²
710 1523 791 1599 spes
817 1497 933 1570 estin
957 1497 1015 1570 Μ’.
1042 1498 1163 1597 Curio,

157 1624 215 1695 eui
240 1650 305 1724 ego
331 1625 475 1724 scripsi,
507 1623 572 1697 tihi
602 1651 683 1697 eum
717 1624 952 1722 gratissimum
981 1624 1161 1697 facturum.

156 1752 236 1826 Dat.
262 1753 296 1802 ⁶³
321 1753 357 1826 V
381 1752 466 1826 Idus
491 1751 657 1825 Decemb.
683 1778 703 1823 a
728 1753 860 1825 Pontio
887 1776 930 1823 ex
951 1750 1161 1825 Trebulano.

571 1994 746 2079 CCXCV.
891 2045 946 2106 (rr
963 2044 1015 2093 Au
1032 2047 1092 2106 vn,
1106 2048 1136 2105 4)

155 2183 376 2263 Argumentum.
395 2203 406 2242 r
422 2183 607 2264 Dionysium
621 2184 711 2245 Attici
723 2182 867 2245 libertum
887 2183 927 2244 ed
947 2205 1019 2244 eum
1034 2185 1157 2245 Romam

196 2292 324 2350 missum
344 2289 464 2364 laudat3
486 2310 503 2349 2
525 2288 599 2371 quid
619 2290 784 2374 Pompeius
805 2312 908 2353 secum
919 2290 958 2352 de
971 2290 1157 2375 impendente

193 2394 275 2455 bellu
296 2394 377 2456 civili
398 2396 518 2458 loeutus
539 2398 594 2469 sit,
614 2396 713 2459 refert.

225 2613 278 2666 Str.
297 2612 405 2666 furlum
421 2615 448 2666 in
467 2617 568 2666 Arcano
587 2617 618 2666 A.
638 2615 670 2666 V.
689 2616 718 2667 C.
738 2614 863 2681 DCCffl,
881 2614 949 2666 eirea
968 2615 1008 2668 id.
1028 2616 1090 2668 Der.

467 2898 612 2965 CICERO
637 2899 789 2964 ATTICO
814 2899 844 2963 S.

208 3161 220 3206 1
251 3134 481 3238 Dionysium,
504 3137 710 3239 flagrantem
732 3140 905 3215 desiderio
922 3144 993 3243 tui,
1019 3146 1100 3221 misi
1115 3144 1152 3218 ad

152 3274 187 3334 te
208 3277 239 3361 ¹7
264 3289 330 3337 nec
355 3266 553 3340 mehercule
579 3292 692 3370 aequo
718 3270 855 3369 enim03
887 3269 952 3344 sed
982 3271 1052 3344 fuit
1077 3298 1151 3346 con·

151 3388 363 3465 cedendum:
391 3421 496 3495 quem
521 3395 664 3497 quidem
690 3397 842 3495 cognovi
859 3424 968 3499 quum
996 3399 1150 3496 doctum,

150 3515 248 3617 quod
272 3518 359 3590 mihi
383 3520 454 3595 ium
479 3537 560 3595 ante
586 3537 661 3597 erat
691 3538 837 3623 nutum,
863 3538 939 3597 turn
978 3541 1147 3621 sanctum,

148 3641 294 3740 plenum
308 3661 322 3694 ²
340 3645 455 3747 officii,
474 3649 672 3724 studiosum
688 3652 794 3726 etiam
810 3677 910 3728 meae
927 3651 1053 3748 laudis,
1071 3650 1146 3748 frugi

149 3765 351 3872 hominem,
384 3801 425 3848 ac
438 3829 448 3872 ,
485 3802 530 3848 ne
562 3775 766 3853 libertinum
799 3777 943 3854 laudare
977 3778 1100 3856 videar
1118 3779 1143 3871 ³,

148 3891 254 3991 plane
279 3900 393 3971 virum
419 3900 563 3976 bunum.
