2626 4854
157 339 226 414 156
463 353 635 410 arrsrona
660 349 852 398 ccxxxviii.
939 346 971 395 Δ.
987 347 1022 396 v.
1040 346 1070 394 c.
1088 345 1137 406 7⁰³

149 489 235 540 vero
259 460 317 536 vel
343 457 575 559 gratulatione
601 455 781 528 literarum
806 465 964 549 tuamm,
990 448 1049 524 vel
1065 450 1162 522 testi-

152 589 308 665 moniis³
326 585 520 659 sententiae
539 583 675 679 dictae,
698 577 786 652 nihil
803 592 872 676 est,
899 577 996 680 quod
1013 603 1070 651 me
1088 603 1162 651 non

150 729 348 792 assecutum
374 725 505 812 putem.
524 709 637 810 quue
655 707 741 781 mihi
759 732 867 808 quum
885 704 1162 805 amplissimum,

150 858 228 917 tum
253 840 489 940 gratissimum
515 848 585 934 est,
610 848 646 908 te
670 832 821 906 libenter
846 833 1021 906 amicitiae
1047 826 1180 904 dedis·⁴

149 995 204 1068 se,
230 965 328 1069 quod
352 963 489 1066 liquido
514 962 654 1037 veritati
681 959 791 1034 dares.
809 960 874 1059 Et,
898 960 928 1032 si
953 984 1028 1032 non
1050 958 1162 1033 modo

150 1119 294 1192 omneS,
321 1117 444 1166 verum
470 1091 576 1162 etiam
602 1086 703 1160 multi
716 1088 869 1160 Catones
888 1100 1007 1160 essent
1022 1085 1039 1152 l
1055 1087 1094 1158 in
1111 1087 1161 1158 ci-

150 1201 261 1295 vitate
278 1233 420 1315 nostra,
444 1217 482 1289 in
508 1242 575 1316 qua
594 1240 704 1286 unum
721 1213 893 1287 exstitisse
910 1210 1074 1286 mirabile
1096 1227 1163 1286 est:

151 1372 256 1449 quem
282 1369 347 1443 ego
375 1369 532 1442 currum,
559 1355 620 1415 aut
646 1366 753 1443 quam
777 1338 966 1414 lauream⁵
993 1366 1077 1414 cum
1102 1353 1161 1412 tua

148 1471 353 1545 laudatione
379 1466 597 1542 conferreml
630 1467 723 1542 Nam
755 1466 802 1539 ad
826 1491 945 1541 meum
969 1491 1114 1539 sensum
1131 1469 1163 1562 ⁶,

149 1613 187 1672 et
211 1597 257 1671 ad
281 1597 369 1670 illud
394 1597 570 1670 sincerum
602 1620 645 1667 ac
678 1592 806 1667 subtile
838 1593 1030 1691 iudicium,
1070 1590 1159 1665 nihil

149 1737 270 1826 potest
294 1750 370 1798 esse
395 1721 625 1821 laudabilius,
650 1747 757 1823 quam
774 1746 815 1795 ea
833 1735 894 1794 tua
912 1723 1044 1820 oratio,
1074 1747 1163 1822 quae

149 1865 204 1924 est
229 1851 276 1924 ad
300 1877 357 1924 me
382 1850 579 1951 perscripta
605 1874 626 1921 a
651 1849 739 1922 meis
763 1849 976 1923 necessariis.
991 1847 1065 1920 Sed
1082 1873 1162 1920 oau-
1191 1862 1195 1867 ”

150 2004 225 2050 sam
243 2004 343 2051 meae
360 1977 555 2053 voluntatis
582 1984 675 2066 (non
691 1976 786 2049 enim
803 1973 920 2049 dicam
939 1973 1163 2076 cupiditatis>

152 2106 302 2204 exposui
327 2103 393 2176 tibi
429 2101 669 2203 superioribus
698 2102 808 2176 literis
828 2123 863 2176 ⁷:
900 2129 990 2204 quae
1023 2102 1161 2176 etiamsi

152 2255 279 2331 parum
303 2231 395 2302 iusta
421 2229 487 2303 tibi
511 2230 587 2304 visa
613 2244 683 2330 est,
712 2231 805 2304 hanc
831 2245 950 2305 tamen
974 2229 1088 2303 habet
1111 2257 1164 2304 ra·

151 2355 306 2454 tionem,
341 2381 416 2428 non
446 2368 487 2428 ut
516 2357 620 2429 nimis
649 2358 665 2408 ⁸
701 2357 1005 2458 concupiscendus
1031 2356 1164 2458 honos,

151 2480 214 2555 sed
240 2496 380 2582 tamen,
404 2483 435 2556 si
462 2482 637 2558 deferatur
661 2511 683 2557 a
707 2498 831 2558 senatu
843 2542 853 2585 ,
877 2486 1022 2560 minime
1050 2513 1165 2589 asper·

150 2608 290 2683 naudus
312 2635 386 2683 esse
405 2609 575 2685 videatur.
591 2610 703 2710 Spero
720 2626 838 2685 autem
847 2667 859 2713 ,
874 2612 973 2686 illum
990 2600 1166 2716 ordinem,

152 2761 218 2833 pro
244 2737 331 2808 meis
359 2735 406 2810 ob
438 2762 512 2809 rem
544 2735 726 2837 publicam
762 2739 934 2840 susceptis
967 2738 1164 2842 laboribus,

151 2885 311 2933 menon
336 2863 522 2961 indignum
556 2863 692 2939 honore
709 2882 743 2965 9,
775 2866 905 2940 usitato
938 2869 1166 2966 praesertim,

151 2986 442 3062 existimaturum.
460 2989 569 3082 Quod
593 2992 623 3062 si
641 2992 698 3065 ita
713 2992 807 3092 ⁸erit,
832 3006 972 3066 tantum
989 3019 1034 3067 ex
1055 3008 1091 3068 te
1107 3021 1163 3096 pe·

152 3124 211 3202 to,
236 3112 334 3212 quod
360 3115 567 3187 amicissime
594 3116 740 3216 scribis,
765 3130 826 3215 ut,
852 3145 962 3219 quum
987 3134 1053 3193 tuo
1078 3120 1165 3193 iudi-

154 3236 227 3334 cio,
253 3238 351 3337 quod
376 3239 631 3341 amplissimum
656 3269 731 3316 esse
757 3244 952 3344 arbitraris,
985 3247 1076 3322 mihi
1107 3251 1166 3320 tri·

152 3359 289 3462 bueria,
313 3365 342 3437 si
367 3366 429 3464 id,
455 3367 553 3468 quod
577 3367 751 3470 maluere,
776 3371 905 3446 accidit
925 3388 972 3472 1⁰,
1006 3374 1166 3472 gaudeas.

153 3489 212 3562 Sic
230 3491 325 3564 enim
342 3492 464 3566 fecisse
485 3508 537 3594 te,
554 3507 590 3568 et
602 3498 773 3597 sensisse,
799 3511 836 3571 et
852 3499 968 3573 verius
986 3502 1166 3600 scripsisse

153 3616 260 3690 video
282 3633 327 3692 ¹¹:
353 3646 478 3721 resque
496 3622 571 3720 ipsa
589 3621 761 3725 declarat,
788 3625 850 3699 tibi
871 3624 970 3698 illum
993 3625 1168 3701 honorem

70 3823 72 3826 Α
154 3757 316 3817 nostrum
333 3748 601 3850 supplicationis
619 3752 813 3827 iucundum
831 3736 935 3827 luisse
941 3810 951 3853 ,
969 3756 1071 3856 quod
1087 3757 1171 3830 scri·

154 3865 275 3946 bondo
294 3873 423 3949 affuisti
438 3892 480 3948 ¹².
500 3876 597 3954 Haec
616 3882 709 3956 enim
731 3896 871 3959 senatus
889 3884 1072 3983 consulta,
1096 3911 1169 3961 non
