2626 4854
536 337 569 381 rn
599 335 787 383 nrus'ronns
1091 316 1161 387 263

155 440 191 498 23
212 441 375 497 Civitatem
397 437 529 516 intellige
550 437 751 508 Salaminam,
781 436 895 497 insulae
922 438 1016 519 Cypri
1044 443 1162 519 prinia-

193 547 281 603 riam.
294 543 416 624 Cyprus
431 545 461 601 in
477 544 599 604 Catonis
613 555 678 603 erat
692 544 830 604 clientela
852 547 915 626 (ep.
932 544 1160 619 CCXXXVHI,

193 657 246 731 ης
278 653 353 711 item
379 651 479 722 Bruti,
513 653 564 731 qui
591 673 662 711 cum
682 651 834 712 avunculo
855 672 910 713 suo
930 653 971 712 Μ.
994 653 1108 715 Catone
1130 658 1160 716 in

192 761 333 841 Cyprum
355 758 509 841 proiectus
531 768 612 829 erat,
634 780 728 840 quum
751 757 802 818 hic
822 758 887 839 lege
902 759 1008 820 Clodia
1021 761 1160 842 Cyprum

192 863 325 926 insulam
345 865 522 926 Ptolemaeo
536 868 599 946 regi
622 866 752 937 ademit,
772 869 1021 947 provinciamque
1041 868 1097 928 Ro.
1119 869 1182 930 sev

192 977 241 1033 cit.
265 972 341 1033 Cod.
362 972 497 1032 Landius
518 985 548 1032 et
568 972 616 1033 ed.
636 973 692 1032 Ro.
713 986 742 1032 et
763 975 965 1053 ipriur'Bmti.

154 1083 191 1157 al
211 1082 274 1151 Pro
294 1081 356 1143 ebs
373 1080 507 1160 pericnlo
528 1101 607 1151 esse,
629 1081 739 1142 scilicet
759 1081 856 1142 Bruti.
877 1081 1073 1163 Quamquam
1088 1081 1156 1143 libri

190 1189 280 1247 multi
301 1185 417 1247 habent
437 1188 532 1248 Bruto
553 1209 614 1248 ram
634 1189 651 1247 i.
674 1210 695 1247 s.
710 1211 757 1268 μ,
778 1199 808 1248 et
827 1188 903 1248 mihi
918 1191 949 1249 in
964 1201 1094 1251 mentem
1111 1212 1160 1250 ve·

190 1298 235 1356 nit
257 1295 417 1376 legendum
441 1296 536 1354 Bruto
557 1316 618 1354 mm
638 1296 721 1355 illam
738 1296 872 1377 periculo
892 1317 962 1356 esse.

155 1401 190 1462 25
211 1401 305 1462 Abest
325 1401 440 1485 aliquid
459 1402 497 1462 ab
520 1400 607 1462 amb.
633 1425 678 1483 ¹7·

155 1508 190 1569 26
211 1507 369 1581 Amb.16,
394 1510 488 1570 Land.
510 1520 540 1570 et
553 1509 599 1570 ed.
620 1511 695 1570 lens.
710 1531 800 1592 quiem
815 1523 892 1583 tota,
908 1513 1030 1584 vitiose,
1050 1512 1158 1594 procul

188 1615 300 1688 dubio,
320 1637 378 1699 pro
398 1618 451 1699 qui
468 1618 499 1677 in
524 1629 593 1678 tota.
615 1617 687 1677 Mox
709 1615 796 1677 amb.
816 1638 848 1698 17
872 1629 904 1709 qt
921 1618 968 1679 ed.
981 1618 1048 1680 ΑΜ.
1070 1617 1159 1701 idque

188 1723 355 1784 edixirrem.
377 1723 562 1796 Edixissem,
580 1726 746 1806 nimirum,
769 1746 817 1786 me
840 1724 1075 1786 observaturum
1096 1729 1158 1787 sin·

190 1830 287 1910 gulam

155 1957 186 2016 ²7
208 1938 259 1997 Sic
272 1940 411 2020 rescripsi
422 1941 606 2000 constantiae
620 1961 726 2014 causa3
747 1962 776 2000 v.
790 1961 837 2023 ep.
852 1940 960 2015 CCL13
981 1940 1031 2000 alii
1050 1939 1158 2012 Lenia,

188 2045 238 2105 alii
252 2048 343 2105 etiam
354 2045 492 2122 Lemnio,
507 2046 590 2127 quod
604 2047 732 2137 alterpm
748 2059 793 2108 est
806 2049 897 2108 etiam
911 2050 943 2107 in
957 2030 1005 2129 ep.
1020 2047 1113 2120 CCL,
1128 2047 1156 2107 3.

154 2149 188 2212 28
208 2153 266 2212 Ms.
288 2151 384 2211 Laud.
405 2151 540 2234 quiidem3
559 2174 621 2214 non
643 2156 753 2237 inepte.

154 2277 188 2340 29
208 2259 257 2318 De
278 2259 458 2342 deponenda
477 2263 607 2342 pecunia
632 2263 663 2322 in
684 2261 769 2338 fan03
792 2272 828 2322 ut
845 2263 930 2343 epist.
951 2262 1013 2322 iarn
1034 2261 1157 2322 laudata

187 2365 283 2438 CCL,
301 2365 322 2427 8
344 2371 534 2428 memoravit.
547 2369 662 2430 Ernest.
681 2370 752 2448 Qua
766 2369 920 2452 deposita,
936 2391 1029 2431 usura
1049 2372 1157 2441 etiam,

187 2495 281 2555 quam
302 2473 400 2559 edicto
431 2495 486 2536 auo
508 2476 614 2537 Cicero
643 2476 850 2559 permittebat,
884 2499 998 2538 cessare
1026 2475 1157 2538 debebat

189 2580 374 2641 Salaminiis.
924 2663 927 2668 .

154 2687 186 2747 30
208 2686 257 2758 Si,
278 2689 393 2768 inquit,
413 2688 570 2762 acciderit,
590 2701 625 2750 ut
644 2690 679 2750 L.
701 2690 848 2763 Paullus,
875 2693 927 2771 qui
948 2711 1029 2749 nunc
1050 2687 1155 2749 consul

187 2805 247 2866 est,
259 2795 420 2856 consulatu
434 2796 556 2857 functus
571 2797 632 2857 huc
646 2798 810 2878 proconsul
826 2801 976 2860 mittatur:
991 2796 1071 2856 male
1084 2817 1154 2856 cum

191 2900 366 2962 Salaminiis
387 2914 502 2984 agetur.
515 2903 627 2964 Brutus
641 2906 721 2964 enim
735 2916 841 2964 contra
855 2924 906 2965 eos
925 2905 1027 2964 omnia
1041 2901 1154 2985 Scaptii

186 3030 277 3070 causa
298 3009 491 3093 impetrabit,
512 3024 660 3092 qtratenus
687 3012 760 3072 dare
780 3024 933 3093 cogentur.
954 3012 1031 3071 Erat
1051 3021 1154 3070 autem

185 3115 287 3176 affinis
308 3116 394 3177 Bruti
415 3117 557 3193 Paullus,
578 3119 661 3200 quod
683 3121 747 3180 eius
768 3119 861 3180 frater
882 3117 1015 3201 Lepidus
1029 3116 1154 3178 Tertul-

186 3221 247 3282 lam
271 3222 341 3302 (alii
362 3223 519 3304 luniam),
544 3224 630 3286 Bruti
654 3247 807 3298 sororem,
836 3224 969 3286 habebat
995 3226 1025 3284 in
1047 3225 1154 3284 matri·

185 3332 299 3391 monio.
321 3329 441 3391 Manat.

151 3436 179 3496 31
204 3437 304 3509 idest,
324 3440 451 3499 minime
471 3439 669 3503 familiariter.
690 3441 761 3503 Vid.
783 3440 844 3500 ind.
866 3461 964 3522 graec.

150 3545 183 3603 ia
204 3544 295 3604 Amb.
321 3566 355 3625 ¹7
376 3547 509 3627 accipiet.

149 3647 183 3711 33
203 3650 313 3711 Lamb.
339 3652 377 3712 sit
401 3653 443 3713 ita
468 3674 540 3713 rane
560 3666 632 3726 etc,
662 3665 693 3715 et
713 3654 803 3716 Amb.
829 3653 864 3716 16
888 3654 1027 3737 quomam
1049 3662 1081 3710 tu
1101 3652 1150 3709 vis.

183 3759 257 3819 Mox
277 3779 346 3819 cum
364 3779 416 3832 eo,
436 3761 561 3833 scilicet,
575 3783 610 3821 ea
624 3762 795 3823 conditione
806 3795 846 3808 ·-
856 3772 899 3821 ut.
915 3761 965 3820 Sic
977 3758 1075 3820 italice
1095 3779 1152 3817 con

144 3908 151 3919 -
184 3878 289 3947 questo
309 3899 349 3914 ·-
369 3866 432 3927 che.
454 3867 602 3950 Exempla
624 3868 692 3928 vide
713 3868 795 3948 apud
816 3869 936 3927 Livium
959 3866 1049 3938 Vlll,
1076 3865 1119 3942 ¹4·
